<record><header><identifier>oai:alma.41SLSP_UGE:991000798859705502</identifier><datestamp>2024-03-08T01:25:34Z</datestamp><setSpec>UNIGE_ALL</setSpec></header><metadata>
<record xmlns="http://www.loc.gov/MARC21/slim" xmlns:xsi="http://www.w3.org/2001/XMLSchema-instance" xsi:schemaLocation="http://www.loc.gov/MARC21/slim http://www.loc.gov/standards/marcxml/schema/MARC21slim.xsd"><leader>06961ngm a2201249 c 4500</leader><controlfield tag="001">991000798859705502</controlfield><controlfield tag="005">20240307232443.0</controlfield><controlfield tag="007">vd#|v||||</controlfield><controlfield tag="008">201011p20152014sz |||            v|fre  </controlfield><datafield ind1=" " ind2=" " tag="019"><subfield code="a">Nicht visioniert</subfield><subfield code="5">NEBIS/N05, 10.04.2015, stin</subfield></datafield><datafield ind1=" " ind2=" " tag="019"><subfield code="a">Descrizione ricavata dalla confezione e da fonti esterne al documento</subfield><subfield code="5">SBT/08.04.2015/vfo</subfield></datafield><datafield ind1="3" ind2=" " tag="024"><subfield code="a">7640117982979</subfield></datafield><datafield ind1="4" ind2="2" tag="028"><subfield code="a">7640117982979</subfield></datafield><datafield ind1="4" ind2="2" tag="028"><subfield code="a">297</subfield></datafield><datafield ind1="4" ind2="2" tag="028"><subfield code="a">Ean: 7640117982979</subfield></datafield><datafield ind1=" " ind2=" " tag="035"><subfield code="a">(swissbib)231954328-41slsp_network</subfield></datafield><datafield ind1=" " ind2=" " tag="035"><subfield code="a">231954328</subfield><subfield code="9">ExL</subfield></datafield><datafield ind1=" " ind2=" " tag="035"><subfield code="a">(IDSBB)006370691DSV01</subfield></datafield><datafield ind1=" " ind2=" " tag="035"><subfield code="a">(RERO)R008073064-41slsp</subfield></datafield><datafield ind1=" " ind2=" " tag="035"><subfield code="a">(NEBIS)010417046EBI01</subfield></datafield><datafield ind1=" " ind2=" " tag="035"><subfield code="a">(SBT)000754428SBT01</subfield></datafield><datafield ind1=" " ind2=" " tag="035"><subfield code="a">(IDSLU)001178116ILU01</subfield></datafield><datafield ind1=" " ind2=" " tag="035"><subfield code="a">(ABN)000773497ABN01</subfield></datafield><datafield ind1=" " ind2=" " tag="035"><subfield code="a">(ALEX)bv9926013560201791</subfield></datafield><datafield ind1=" " ind2=" " tag="035"><subfield code="a">(EXLNZ-41SLSP_NETWORK)991123114949705501</subfield></datafield><datafield ind1=" " ind2=" " tag="040"><subfield code="a">SzZuIDS NEBIS</subfield><subfield code="b">ita</subfield><subfield code="e">kids</subfield><subfield code="d">CH-ZuSLS</subfield></datafield><datafield ind1="1" ind2=" " tag="041"><subfield code="a">fre</subfield><subfield code="a">ara</subfield><subfield code="a">ger</subfield><subfield code="a">ita</subfield><subfield code="h">ara</subfield><subfield code="h">fre</subfield></datafield><datafield ind1=" " ind2=" " tag="044"><subfield code="a">sz</subfield><subfield code="c">ch-ag</subfield></datafield><datafield ind1=" " ind2="7" tag="072"><subfield code="a">is</subfield><subfield code="2">SzZuIDS BS/BE</subfield></datafield><datafield ind1=" " ind2="7" tag="072"><subfield code="a">af</subfield><subfield code="2">SzZuIDS BS/BE</subfield></datafield><datafield ind1=" " ind2="7" tag="072"><subfield code="a">ba</subfield><subfield code="2">rero</subfield></datafield><datafield ind1="1" ind2="4" tag="082"><subfield code="a">791</subfield><subfield code="2">15</subfield></datafield><datafield ind1=" " ind2=" " tag="084"><subfield code="a">B</subfield><subfield code="2">sdnb</subfield></datafield><datafield ind1="0" ind2="0" tag="245"><subfield code="a">Timbuktu</subfield><subfield code="c">Regie: Abderrahmane Sissako</subfield></datafield><datafield ind1="1" ind2=" " tag="246"><subfield code="a">Chagrin des oiseaux</subfield></datafield><datafield ind1=" " ind2="1" tag="264"><subfield code="a">Ennetbaden</subfield><subfield code="b">trigon-film</subfield><subfield code="c">2015</subfield></datafield><datafield ind1=" " ind2=" " tag="300"><subfield code="a">1 DVD-video (97 min.)</subfield><subfield code="b">colore</subfield><subfield code="e">1 booklet</subfield></datafield><datafield ind1=" " ind2=" " tag="336"><subfield code="b">tdi</subfield><subfield code="2">rdacontent</subfield></datafield><datafield ind1=" " ind2=" " tag="337"><subfield code="b">v</subfield><subfield code="2">rdamedia</subfield></datafield><datafield ind1=" " ind2=" " tag="338"><subfield code="b">vd</subfield><subfield code="2">rdacarrier</subfield></datafield><datafield ind1=" " ind2=" " tag="385"><subfield code="a">Dès 14 ans</subfield><subfield code="2">rero</subfield></datafield><datafield ind1="0" ind2=" " tag="490"><subfield code="a">Trigon-film dvd-edition</subfield><subfield code="v">297</subfield></datafield><datafield ind1=" " ind2=" " tag="500"><subfield code="a">Sprache: Französisch, Arabisch, Tamascheq ; Untertitel: Deutsch, Französich, Italienisch</subfield></datafield><datafield ind1=" " ind2=" " tag="500"><subfield code="a">Auszeichnung: Oscar Nomination, Gewinner von 7 Césars</subfield></datafield><datafield ind1=" " ind2=" " tag="500"><subfield code="a">Version originale franco-arabe. Choix de sous-titres: allemand, français, italien</subfield></datafield><datafield ind1=" " ind2=" " tag="500"><subfield code="a">Une prod. Les Films du Worso ; Dune Vision ; Arches Films, cop. 2014</subfield></datafield><datafield ind1=" " ind2=" " tag="500"><subfield code="a">César 2015 du meilleur film, meilleur réalisateur et meilleur scénario original</subfield></datafield><datafield ind1=" " ind2=" " tag="500"><subfield code="a">Durée du film: 97 min.</subfield></datafield><datafield ind1=" " ind2=" " tag="500"><subfield code="a">Titre alternatif (France): Le chagrin des oiseaux</subfield></datafield><datafield ind1=" " ind2=" " tag="500"><subfield code="a">Der Spielfilm wurde 2014 in Farbe in Mauretanien produziert. - In Sprache: Französisch, Arabisch, Tamascheq ; Untertitel: Deutsch, Französisch ; Auszeichnung: Oscar Nomination, Gewinner von 7 Césars</subfield></datafield><datafield ind1=" " ind2=" " tag="500"><subfield code="a">Tracce audio: originale (arabo, francese, tamashek) ; sottotitoli in francese, tedesco, italiano</subfield></datafield><datafield ind1=" " ind2=" " tag="500"><subfield code="a">Paesi e data di produzione: Francia-Mauritania, 2014</subfield></datafield><datafield ind1=" " ind2=" " tag="500"><subfield code="a">Titolo originale: Timbuktu (Le Chagrin des oiseaux)</subfield></datafield><datafield ind1=" " ind2=" " tag="500"><subfield code="a">Sprache: Originalversion ; Untertitel: Deutsch, Französisch, Italienisch</subfield></datafield><datafield ind1="0" ind2="0" tag="505"><subfield code="g">Booklet</subfield><subfield code="t">&lt;&lt;Die&gt;&gt; Macht der Poesie = Le pouvoir de la poésie</subfield><subfield code="r">ein Essay zum Film Timbuktu von Walter Ruggle ; Interview mit dem Regisseur</subfield></datafield><datafield ind1=" " ind2=" " tag="508"><subfield code="a">Drehbuch: Abderrahmane Sissako, Kessen Tall ; Kamera: Sofian El Fani ; Musik: Amin Bouhafa</subfield></datafield><datafield ind1="0" ind2=" " tag="511"><subfield code="a">Ibrahim Ahmed ; Abel Jafri ; Toulou Kiki ... et al.</subfield></datafield><datafield ind1="0" ind2=" " tag="511"><subfield code="a">Abel Jafri, Pino Desperado, Hichem Yacoubi, Kettly Noël, Toulou Kiki</subfield></datafield><datafield ind1="8" ind2=" " tag="520"><subfield code="a">&quot;Timbuktu est occupée par les djihadistes qui y font régner leur ordre nouveau. Sous leur tente, Kidane et sa famille mènent une vie paisible  qui semble loin de cette folie meurtrière. Leur destin basculera avec la mort d'Amadou le pêcheur, tué accidentellement par Kidane. A la folie de l'obscurantisme, Abderrahmane Sissako oppose un poème d'une profonde humanité.&quot;</subfield><subfield code="5">RERO/geheid/04.2015</subfield></datafield><datafield ind1="8" ind2=" " tag="520"><subfield code="a">Drame</subfield><subfield code="5">RERO/necfbv/04.2015</subfield></datafield><datafield ind1=" " ind2=" " tag="520"><subfield code="a">Un pastore di bestiame vive con la sua famiglia in un villaggio nei pressi di Timbuctù (Mali). La tranquillità vissuta tra le dune del deserto viene bruscamente disturbata dall'arrivo di elementi armati jihadisti. Costoro impongono la Sharīʿa. Mettono al bando la musica, il football, le sigarette.[3] Procedono quindi a matrimoni forzati, perseguitano le donne e improvvisano loro tribunali che emanano sentenze ingiuste e assurde, basate su una visione settaria dell'Islam. Malgrado la ferocia della loro repressione, la popolazione resiste coraggiosamente, spesso in nome di un'altra e più corretta visione giuridica, sociale e culturale dell'Islam.</subfield></datafield><datafield ind1=" " ind2=" " tag="520"><subfield code="a">Die von Mythen umwobene malische Stadt Timbuktu wird von Dschihadisten übernommen, die ihre Regeln der Bevölkerung aufzwingen wollen. Die Beduinen-Familie von Kidane lebt friedlich in ihrem Zelt, bis ein Zwist mit dem Fischer Amabou alles durcheinander bringt. Abderrahmane Sisskao schafft es auf bewegende Weise, dem grassierenden Fundamentalismus auf sanfte Art ein zutiefst menschliches Filmgedicht entgegenzuhalten.</subfield></datafield><datafield ind1=" " ind2=" " tag="538"><subfield code="a">Ländercode 2</subfield></datafield><datafield ind1=" " ind2="7" tag="650"><subfield code="a">Djihadistes</subfield><subfield code="0">(IDREF)182563073</subfield><subfield code="2">idref</subfield></datafield><datafield ind1=" " ind2="7" tag="650"><subfield code="a">Film</subfield><subfield code="0">(DE-588)4017102-4</subfield><subfield code="2">gnd</subfield></datafield><datafield ind1=" " ind2="7" tag="650"><subfield code="a">Beduine</subfield><subfield code="0">(DE-588)4216372-9</subfield><subfield code="2">gnd</subfield></datafield><datafield ind1=" " ind2="7" tag="650"><subfield code="a">Islam</subfield><subfield code="0">(DE-588)4027743-4</subfield><subfield code="2">gnd</subfield></datafield><datafield ind1=" " ind2="7" tag="650"><subfield code="a">Fundamentalismus</subfield><subfield code="0">(DE-588)4137178-1</subfield><subfield code="2">gnd</subfield></datafield><datafield ind1=" " ind2="7" tag="650"><subfield code="a">Religionskrieg</subfield><subfield code="0">(DE-588)4049406-8</subfield><subfield code="2">gnd</subfield></datafield><datafield ind1=" " ind2="7" tag="650"><subfield code="a">Djihad</subfield><subfield code="0">(DE-588)4305296-4</subfield><subfield code="2">gnd</subfield></datafield><datafield ind1=" " ind2="7" tag="650"><subfield code="a">Staatsversagen</subfield><subfield code="0">(DE-588)4129420-8</subfield><subfield code="2">gnd</subfield></datafield><datafield ind1=" " ind2="7" tag="650"><subfield code="a">Alltag</subfield><subfield code="0">(DE-588)4001307-8</subfield><subfield code="2">gnd</subfield></datafield><datafield ind1=" " ind2="7" tag="650"><subfield code="a">Afrika</subfield><subfield code="9">ger</subfield><subfield code="0">(TWSE)164</subfield><subfield code="2">twse</subfield></datafield><datafield ind1=" " ind2="7" tag="650"><subfield code="a">Audiovisuelle Medien</subfield><subfield code="9">ger</subfield><subfield code="0">(TWSE)378</subfield><subfield code="2">twse</subfield></datafield><datafield ind1=" " ind2="7" tag="650"><subfield code="a">Familie</subfield><subfield code="9">ger</subfield><subfield code="0">(TWSE)1119</subfield><subfield code="2">twse</subfield></datafield><datafield ind1=" " ind2="7" tag="650"><subfield code="a">Fundamentalismus</subfield><subfield code="9">ger</subfield><subfield code="0">(TWSE)1284</subfield><subfield code="2">twse</subfield></datafield><datafield ind1=" " ind2="7" tag="650"><subfield code="a">Humanismus</subfield><subfield code="9">ger</subfield><subfield code="0">(TWSE)1613</subfield><subfield code="2">twse</subfield></datafield><datafield ind1=" " ind2="7" tag="650"><subfield code="a">Mali</subfield><subfield code="9">ger</subfield><subfield code="0">(TWSE)2263</subfield><subfield code="2">twse</subfield></datafield><datafield ind1=" " ind2="7" tag="650"><subfield code="a">Mauretanien</subfield><subfield code="9">ger</subfield><subfield code="0">(TWSE)2296</subfield><subfield code="2">twse</subfield></datafield><datafield ind1=" " ind2="7" tag="650"><subfield code="a">Westafrika</subfield><subfield code="9">ger</subfield><subfield code="0">(TWSE)3896</subfield><subfield code="2">twse</subfield></datafield><datafield ind1=" " ind2="7" tag="651"><subfield code="a">Mali</subfield><subfield code="0">(IDREF)02723844X</subfield><subfield code="2">idref</subfield></datafield><datafield ind1=" " ind2="7" tag="651"><subfield code="a">Mali</subfield><subfield code="0">(DE-588)4074505-3</subfield><subfield code="2">gnd</subfield></datafield><datafield ind1=" " ind2="7" tag="651"><subfield code="a">Timbuktu</subfield><subfield code="0">(DE-588)4119616-8</subfield><subfield code="2">gnd</subfield></datafield><datafield ind1=" " ind2="7" tag="655"><subfield code="a">DVD-Video</subfield><subfield code="2">gnd-carrier</subfield></datafield><datafield ind1=" " ind2="7" tag="655"><subfield code="a">DVD</subfield><subfield code="0">(IDREF)035108444</subfield><subfield code="2">idref</subfield></datafield><datafield ind1=" " ind2="7" tag="655"><subfield code="a">Films de fiction</subfield><subfield code="0">(IDREF)14779644X</subfield><subfield code="2">idref</subfield></datafield><datafield ind1=" " ind2=" " tag="691"><subfield code="e">791.4372</subfield><subfield code="a">Cinema. Singoli film</subfield><subfield code="2">usi-TE</subfield></datafield><datafield ind1="1" ind2=" " tag="700"><subfield code="a">Bouhafa, Amine</subfield><subfield code="c">compositeur</subfield><subfield code="d">1986-....</subfield><subfield code="0">(IDREF)185107478</subfield></datafield><datafield ind1="1" ind2=" " tag="700"><subfield code="a">Pialat, Sylvie</subfield><subfield code="d">1960-...</subfield><subfield code="0">(IDREF)05975575X</subfield></datafield><datafield ind1="1" ind2=" " tag="700"><subfield code="a">Toulou, Kiki</subfield></datafield><datafield ind1="1" ind2=" " tag="700"><subfield code="a">Kettly, Noël</subfield></datafield><datafield ind1="1" ind2=" " tag="700"><subfield code="a">Hichem, Yacoubi</subfield></datafield><datafield ind1="1" ind2=" " tag="700"><subfield code="a">Abel, Jafri</subfield></datafield><datafield ind1="1" ind2=" " tag="700"><subfield code="a">Pino, Desperado</subfield></datafield><datafield ind1="1" ind2=" " tag="700"><subfield code="a">Tall, Kessen</subfield><subfield code="d">20. Jh.</subfield><subfield code="0">(DE-588)1070829889</subfield></datafield><datafield ind1="1" ind2=" " tag="700"><subfield code="a">El Fani, Sofian</subfield><subfield code="d">1974-</subfield><subfield code="0">(DE-588)1070038733</subfield></datafield><datafield ind1="1" ind2=" " tag="700"><subfield code="a">Bouhafa, Amin</subfield></datafield><datafield ind1="1" ind2=" " tag="700"><subfield code="a">Jafri, Abel</subfield><subfield code="d">1955-</subfield><subfield code="0">(DE-588)1070830917</subfield></datafield><datafield ind1="1" ind2=" " tag="700"><subfield code="a">Kiki, Toulou</subfield><subfield code="d">1983-</subfield><subfield code="0">(DE-588)1073136086</subfield></datafield><datafield ind1="1" ind2=" " tag="700"><subfield code="a">Noël, Kettly</subfield><subfield code="d">20. Jh.</subfield><subfield code="0">(DE-588)1046933264</subfield></datafield><datafield ind1="1" ind2=" " tag="700"><subfield code="6">880-08</subfield><subfield code="a">Sissako, Abderrahmane</subfield><subfield code="d">1961-</subfield><subfield code="0">(DE-588)121737322</subfield></datafield><datafield ind1="1" ind2=" " tag="880"><subfield code="6">700-08</subfield><subfield code="a">Sissako, Abderrahmane</subfield><subfield code="0">(RERO)A006072647</subfield></datafield><datafield ind1=" " ind2="0" tag="830"><subfield code="a">Trigon-Film DVD-Edition</subfield><subfield code="v">297</subfield><subfield code="w">(RERO)R003126707-41slsp</subfield></datafield><datafield ind1="4" ind2="2" tag="856"><subfield code="u">http://www.e-media.ch/documents/showFile.asp?ID=6381</subfield><subfield code="z">Fiche pédagogique téléchargeable en ligne</subfield></datafield><datafield ind1="4" ind2="2" tag="856"><subfield code="u">http://www.zerodeconduite.net/tel_dp.php?url=http://www.zerodeconduite.net/dp/zdc_timbuktu.pdf&amp;idp=323</subfield><subfield code="z">fiche pédagogique téléchargeable en ligne</subfield></datafield><datafield ind1=" " ind2=" " tag="900"><subfield code="a">IDSZ2zbzvid201507l</subfield><subfield code="c">IDSZ2cath</subfield></datafield><datafield ind1=" " ind2=" " tag="900"><subfield code="a">IDSE9P:916.6</subfield></datafield><datafield ind1=" " ind2=" " tag="900"><subfield code="a">IDST9lobc-video201505</subfield></datafield></record>
</metadata></record>