<record><header><identifier>oai:alma.41SLSP_UGE:991000798429705502</identifier><datestamp>2024-09-26T00:45:16Z</datestamp><setSpec>uge_bcen_RapidILL_BOOK</setSpec><setSpec>uge_aaca_RapidILL_BOOK</setSpec><setSpec>uge_abels_RapidILL_BOOK</setSpec><setSpec>uge_dbu_RapidILL_BOOK</setSpec><setSpec>uge_cmu_RapidILL_BOOK</setSpec><setSpec>uge_mail_RapidILL_BOOK</setSpec><setSpec>uge_abbat_RapidILL_BOOK</setSpec><setSpec>UNIGE_ALL</setSpec><setSpec>uge_acar_RapidILL_BOOK</setSpec><setSpec>uge_aobs_RapidILL_BOOK</setSpec></header><metadata>
<record xmlns="http://www.loc.gov/MARC21/slim" xmlns:xsi="http://www.w3.org/2001/XMLSchema-instance" xsi:schemaLocation="http://www.loc.gov/MARC21/slim http://www.loc.gov/standards/marcxml/schema/MARC21slim.xsd"><leader>02057nam a2200349 c 4500</leader><controlfield tag="001">991000798429705502</controlfield><controlfield tag="005">20230320194044.0</controlfield><controlfield tag="008">130425s2013    fr ||||| |||| 00| ||fre d</controlfield><datafield ind1=" " ind2=" " tag="020"><subfield code="a">9782840238720</subfield></datafield><datafield ind1="7" ind2=" " tag="024"><subfield code="a">http://catalogue.bnf.fr/ark:/12148/cb43565425n</subfield><subfield code="2">uri</subfield></datafield><datafield ind1=" " ind2=" " tag="035"><subfield code="a">(swissbib)117278785-41slsp_network</subfield></datafield><datafield ind1=" " ind2=" " tag="035"><subfield code="a">117278785</subfield><subfield code="9">ExL</subfield></datafield><datafield ind1=" " ind2=" " tag="035"><subfield code="a">(RERO)R007285107-41slsp</subfield></datafield><datafield ind1=" " ind2=" " tag="035"><subfield code="a">(EXLNZ-41SLSP_NETWORK)991115470769705501</subfield></datafield><datafield ind1=" " ind2=" " tag="040"><subfield code="a">FRBNF</subfield><subfield code="d">CH-ZuSLS</subfield></datafield><datafield ind1=" " ind2="7" tag="072"><subfield code="a">ps</subfield><subfield code="2">rero</subfield></datafield><datafield ind1="1" ind2=" " tag="080"><subfield code="a">616.892</subfield></datafield><datafield ind1="0" ind2="0" tag="245"><subfield code="a">Maladie d'Alzheimer et communication</subfield><subfield code="c">coord. par J. Touchon ... [et al.]</subfield></datafield><datafield ind1=" " ind2="1" tag="264"><subfield code="a">Montpellier</subfield><subfield code="b">Sauramps médical</subfield><subfield code="c">2013</subfield></datafield><datafield ind1=" " ind2=" " tag="300"><subfield code="a">103 p.</subfield><subfield code="b">ill.</subfield></datafield><datafield ind1=" " ind2=" " tag="336"><subfield code="b">txt</subfield><subfield code="2">rdacontent</subfield></datafield><datafield ind1=" " ind2=" " tag="337"><subfield code="b">n</subfield><subfield code="2">rdamedia</subfield></datafield><datafield ind1=" " ind2=" " tag="338"><subfield code="b">nc</subfield><subfield code="2">rdacarrier</subfield></datafield><datafield ind1="0" ind2=" " tag="490"><subfield code="a">Echanges en réadaptation</subfield></datafield><datafield ind1="0" ind2=" " tag="505"><subfield code="a">[Sommaire] 1 La maladie d'Alzheimer: actualités thérapeutiques. - 2 Humour et maladie d'Alzheimer: un oxymore? - 3 Rééducation neuropsychologique et aphasie primaire progressive: la situation &quot;privilégiée&quot; de la démence sémantique. - 4 Maladie d'Alzheimer et langage: un nouvel éclairage. - 5 Quand le patient voit les mots s'échapper... - 6 Apport des nouvelles technologies pour l'évaluation et la prise en charge de la Maladie d'Alzheimer. - 7 Pathologies neurodégénératives et traitement des émotions: du biomarqueur diagnostique à la prise en charge. - 8 La méthodologie de soin Gineste-Marescotti dite &quot;humanitude&quot;. - 9 Des ateliers mémoire à la stimulation cognitive informatisée. - 10 La Robotique d'interaction, de relation et de stimulation au service de la personne fragile et/ou atteinte de troubles cognitifs. - 11 L'action de France Alzheimer dans le soutien aux familles</subfield></datafield><datafield ind1=" " ind2="7" tag="650"><subfield code="a">Alzheimer, Maladie d'</subfield><subfield code="0">(IDREF)02765284X</subfield><subfield code="2">idref</subfield></datafield><datafield ind1=" " ind2="7" tag="650"><subfield code="a">Communication</subfield><subfield code="0">(IDREF)027321657</subfield><subfield code="2">idref</subfield></datafield><datafield ind1=" " ind2="2" tag="650"><subfield code="a">Alzheimer Disease</subfield></datafield><datafield ind1=" " ind2="2" tag="650"><subfield code="a">Communication</subfield></datafield><datafield ind1=" " ind2="7" tag="655"><subfield code="a">[Études diverses]</subfield><subfield code="0">(RERO)A022249905</subfield><subfield code="2">rero</subfield></datafield><datafield ind1="1" ind2=" " tag="700"><subfield code="a">Touchon, Jacques</subfield><subfield code="d">1946-....</subfield><subfield code="0">(IDREF)032090900</subfield></datafield><datafield ind1=" " ind2=" " tag="900"><subfield code="a">REROnoselfmerge</subfield></datafield><datafield ind1=" " ind2=" " tag="910"><subfield code="a">BNF</subfield><subfield code="b">20130425</subfield><subfield code="c">Droits réservés</subfield></datafield></record>
</metadata></record>