<record><header><identifier>oai:alma.41SLSP_UGE:991000798949705502</identifier><datestamp>2023-03-01T01:09:27Z</datestamp><setSpec>uge_bcen_RapidILL_BOOK</setSpec><setSpec>uge_aaca_RapidILL_BOOK</setSpec><setSpec>uge_abels_RapidILL_BOOK</setSpec><setSpec>uge_dbu_RapidILL_BOOK</setSpec><setSpec>uge_cmu_RapidILL_BOOK</setSpec><setSpec>uge_mail_RapidILL_BOOK</setSpec><setSpec>UNIGE_ALL</setSpec><setSpec>uge_abbat_RapidILL_BOOK</setSpec><setSpec>uge_aobs_RapidILL_BOOK</setSpec><setSpec>uge_acar_RapidILL_BOOK</setSpec></header><metadata>
<record xmlns="http://www.loc.gov/MARC21/slim" xmlns:xsi="http://www.w3.org/2001/XMLSchema-instance" xsi:schemaLocation="http://www.loc.gov/MARC21/slim http://www.loc.gov/standards/marcxml/schema/MARC21slim.xsd"><leader>00881nam a2200229 c 4500</leader><controlfield tag="001">991000798949705502</controlfield><controlfield tag="005">20201225183937.0</controlfield><controlfield tag="008">870911s1976    xxk||||| |||| 10| ||eng d</controlfield><datafield ind1=" " ind2=" " tag="035"><subfield code="a">(swissbib)082066590-41slsp_network</subfield></datafield><datafield ind1=" " ind2=" " tag="035"><subfield code="a">082066590</subfield><subfield code="9">ExL</subfield></datafield><datafield ind1=" " ind2=" " tag="035"><subfield code="a">(RERO)0884646-41slsp</subfield></datafield><datafield ind1=" " ind2=" " tag="035"><subfield code="a">(EXLNZ-41SLSP_NETWORK)991076167659705501</subfield></datafield><datafield ind1=" " ind2=" " tag="040"><subfield code="a">RERO geudbu</subfield><subfield code="d">CH-ZuSLS</subfield></datafield><datafield ind1=" " ind2="7" tag="072"><subfield code="a">in</subfield><subfield code="2">rero</subfield></datafield><datafield ind1="0" ind2="0" tag="245"><subfield code="a">Underwater welding for offshore installations</subfield><subfield code="b">International Seminar</subfield><subfield code="c">jointly sponsored by the Welding Institute, the Department of Energy, UK, the Society for Underwater Technology, London 9-10 March 1976</subfield></datafield><datafield ind1=" " ind2="1" tag="264"><subfield code="a">Cambridge</subfield><subfield code="b">Welding Institute</subfield><subfield code="c">[1976]</subfield></datafield><datafield ind1=" " ind2="4" tag="264"><subfield code="c">© 1976</subfield></datafield><datafield ind1=" " ind2=" " tag="300"><subfield code="a">124 p.</subfield><subfield code="b">ill.</subfield><subfield code="c">30 cm</subfield></datafield><datafield ind1=" " ind2=" " tag="336"><subfield code="b">txt</subfield><subfield code="2">rdacontent</subfield></datafield><datafield ind1=" " ind2=" " tag="337"><subfield code="b">n</subfield><subfield code="2">rdamedia</subfield></datafield><datafield ind1=" " ind2=" " tag="338"><subfield code="b">nc</subfield><subfield code="2">rdacarrier</subfield></datafield><datafield ind1="2" ind2=" " tag="710"><subfield code="a">Welding Institute (Cambridge)</subfield><subfield code="b">International Seminar</subfield><subfield code="d">1976</subfield><subfield code="c">London</subfield><subfield code="0">(RERO)A012475397</subfield></datafield><datafield ind1=" " ind2=" " tag="900"><subfield code="a">REROnoselfmerge</subfield></datafield></record>
</metadata></record>