<record><header><identifier>oai:alma.41SLSP_UGE:991000799259705502</identifier><datestamp>2024-09-21T00:22:31Z</datestamp><setSpec>uge_bcen_RapidILL_BOOK</setSpec><setSpec>uge_aaca_RapidILL_BOOK</setSpec><setSpec>uge_abels_RapidILL_BOOK</setSpec><setSpec>uge_dbu_RapidILL_BOOK</setSpec><setSpec>uge_cmu_RapidILL_BOOK</setSpec><setSpec>uge_mail_RapidILL_BOOK</setSpec><setSpec>uge_abbat_RapidILL_BOOK</setSpec><setSpec>UNIGE_ALL</setSpec><setSpec>uge_aobs_RapidILL_BOOK</setSpec><setSpec>uge_acar_RapidILL_BOOK</setSpec></header><metadata>
<record xmlns="http://www.loc.gov/MARC21/slim" xmlns:xsi="http://www.w3.org/2001/XMLSchema-instance" xsi:schemaLocation="http://www.loc.gov/MARC21/slim http://www.loc.gov/standards/marcxml/schema/MARC21slim.xsd"><leader>01815nam a2200469 c 4500</leader><controlfield tag="001">991000799259705502</controlfield><controlfield tag="005">20240920203856.0</controlfield><controlfield tag="008">201011s1989    xxc||||| |||| 00| ||fre d</controlfield><datafield ind1=" " ind2=" " tag="019"><subfield code="a">Notice analytique FR/BCU.</subfield><subfield code="5">RERO/30.03.1990/frbcuc/ell</subfield></datafield><datafield ind1=" " ind2=" " tag="020"><subfield code="a">0919089062</subfield></datafield><datafield ind1=" " ind2=" " tag="035"><subfield code="a">(swissbib)222782072-41slsp_network</subfield></datafield><datafield ind1=" " ind2=" " tag="035"><subfield code="a">222782072</subfield><subfield code="9">ExL</subfield></datafield><datafield ind1=" " ind2=" " tag="035"><subfield code="a">(RERO)1179101-41slsp</subfield></datafield><datafield ind1=" " ind2=" " tag="035"><subfield code="a">(NEBIS)007817463EBI01</subfield></datafield><datafield ind1=" " ind2=" " tag="035"><subfield code="a">(IDSBB)000662514DSV01</subfield></datafield><datafield ind1=" " ind2=" " tag="035"><subfield code="a">(EXLNZ-41SLSP_NETWORK)991100807439705501</subfield></datafield><datafield ind1=" " ind2=" " tag="040"><subfield code="a">RERO frbcuc</subfield><subfield code="d">CH-ZuSLS</subfield></datafield><datafield ind1="0" ind2=" " tag="041"><subfield code="a">fre</subfield><subfield code="a">lat</subfield></datafield><datafield ind1=" " ind2="7" tag="072"><subfield code="a">la</subfield><subfield code="2">rero</subfield></datafield><datafield ind1=" " ind2="7" tag="072"><subfield code="a">rs</subfield><subfield code="2">SzZuIDS BS/BE</subfield></datafield><datafield ind1=" " ind2=" " tag="084"><subfield code="a">FZ 39205</subfield><subfield code="2">rvk</subfield></datafield><datafield ind1="1" ind2=" " tag="100"><subfield code="a">Di Stefano, Giuseppe</subfield><subfield code="d">1936-</subfield><subfield code="0">(RERO)A016401950</subfield><subfield code="4">cre</subfield><subfield code="6">880-01</subfield></datafield><datafield ind1="1" ind2=" " tag="880"><subfield code="a">Di Stefano, Giuseppe</subfield><subfield code="d">1936-</subfield><subfield code="0">(DE-588)134058747</subfield><subfield code="6">100-01</subfield></datafield><datafield ind1="1" ind2="0" tag="245"><subfield code="a">Multa mentiere poetae</subfield><subfield code="b">le débat sur la poésie de Boccace à Nicolas de Gonesse</subfield><subfield code="c">Giuseppe Di Stefano</subfield></datafield><datafield ind1=" " ind2="1" tag="264"><subfield code="a">Montréal</subfield><subfield code="b">Ed. Ceres</subfield><subfield code="c">[1989]</subfield></datafield><datafield ind1=" " ind2="4" tag="264"><subfield code="c">© 1989</subfield></datafield><datafield ind1=" " ind2=" " tag="300"><subfield code="a">79 p.</subfield><subfield code="c">22 cm</subfield></datafield><datafield ind1=" " ind2=" " tag="336"><subfield code="b">txt</subfield><subfield code="2">rdacontent</subfield></datafield><datafield ind1=" " ind2=" " tag="337"><subfield code="b">n</subfield><subfield code="2">rdamedia</subfield></datafield><datafield ind1=" " ind2=" " tag="338"><subfield code="b">nc</subfield><subfield code="2">rdacarrier</subfield></datafield><datafield ind1="1" ind2=" " tag="490"><subfield code="a">Inedita et rara</subfield><subfield code="v">6</subfield></datafield><datafield ind1=" " ind2=" " tag="500"><subfield code="a">Contient: &quot;Collatio artis poetice&quot; de Nicolas de Gonesse</subfield></datafield><datafield ind1="0" ind2="7" tag="600"><subfield code="a">Nicolas</subfield><subfield code="c">de Gonesse</subfield><subfield code="d">ca. 15. Jh.</subfield><subfield code="t">Collatio artis poetice</subfield><subfield code="0">(DE-588)7698985-9</subfield><subfield code="2">gnd</subfield></datafield><datafield ind1="1" ind2="7" tag="600"><subfield code="a">Boccaccio, Giovanni</subfield><subfield code="d">1313-1375</subfield><subfield code="t">Genealogie deorum gentilium</subfield><subfield code="0">(DE-588)4434338-3</subfield><subfield code="2">gnd</subfield></datafield><datafield ind1=" " ind2="7" tag="650"><subfield code="a">Poésie</subfield><subfield code="0">(IDREF)027247465</subfield><subfield code="2">idref</subfield></datafield><datafield ind1=" " ind2="7" tag="650"><subfield code="a">Polémique</subfield><subfield code="0">(IDREF)050572504</subfield><subfield code="2">idref</subfield></datafield><datafield ind1=" " ind2="7" tag="650"><subfield code="a">15e siècle (1re moitié)</subfield><subfield code="0">(RERO)A023117357</subfield><subfield code="2">rero</subfield></datafield><datafield ind1=" " ind2="7" tag="650"><subfield code="a">Rezeption</subfield><subfield code="0">(DE-588)4049716-1</subfield><subfield code="2">gnd</subfield></datafield><datafield ind1=" " ind2="7" tag="650"><subfield code="a">Poetik</subfield><subfield code="y">Geschichte Mittelalter</subfield><subfield code="2">idsbb</subfield></datafield><datafield ind1=" " ind2="7" tag="655"><subfield code="a">[document]</subfield><subfield code="2">rerovoc</subfield><subfield code="0">(RERO)A010182398</subfield></datafield><datafield ind1=" " ind2=" " tag="830"><subfield code="a">Inedita [et] rara</subfield><subfield code="v">6</subfield><subfield code="w">(IDSBB)000606986DSV01</subfield></datafield><datafield ind1=" " ind2=" " tag="830"><subfield code="a">Inedita &amp; rara</subfield><subfield code="v">6</subfield><subfield code="w">(RERO)0441408-41slsp</subfield></datafield><datafield ind1=" " ind2=" " tag="900"><subfield code="a">REROnoselfmerge</subfield></datafield></record>
</metadata></record>