<record><header><identifier>oai:alma.41SLSP_UGE:991000798639705502</identifier><datestamp>2023-03-01T01:09:27Z</datestamp><setSpec>uge_bcen_RapidILL_BOOK</setSpec><setSpec>uge_aaca_RapidILL_BOOK</setSpec><setSpec>uge_abels_RapidILL_BOOK</setSpec><setSpec>uge_dbu_RapidILL_BOOK</setSpec><setSpec>uge_cmu_RapidILL_BOOK</setSpec><setSpec>uge_mail_RapidILL_BOOK</setSpec><setSpec>UNIGE_ALL</setSpec><setSpec>uge_abbat_RapidILL_BOOK</setSpec><setSpec>uge_aobs_RapidILL_BOOK</setSpec><setSpec>uge_acar_RapidILL_BOOK</setSpec></header><metadata>
<record xmlns="http://www.loc.gov/MARC21/slim" xmlns:xsi="http://www.w3.org/2001/XMLSchema-instance" xsi:schemaLocation="http://www.loc.gov/MARC21/slim http://www.loc.gov/standards/marcxml/schema/MARC21slim.xsd"><leader>03799nam a2200805 c 4500</leader><controlfield tag="001">991000798639705502</controlfield><controlfield tag="005">20230207215921.0</controlfield><controlfield tag="008">201011s1993    sz ||||| |||| 00| ||fre d</controlfield><datafield ind1=" " ind2=" " tag="020"><subfield code="a">3906750116</subfield></datafield><datafield ind1="7" ind2=" " tag="024"><subfield code="a">http://catalogue.bnf.fr/ark:/12148/cb371708098</subfield><subfield code="2">uri</subfield></datafield><datafield ind1=" " ind2=" " tag="035"><subfield code="a">(swissbib)231714939-41slsp_network</subfield></datafield><datafield ind1=" " ind2=" " tag="035"><subfield code="a">231714939</subfield><subfield code="9">ExL</subfield></datafield><datafield ind1=" " ind2=" " tag="035"><subfield code="a">(RERO)1665075-41slsp</subfield></datafield><datafield ind1=" " ind2=" " tag="035"><subfield code="a">(IDSSG)000056360HSB01</subfield></datafield><datafield ind1=" " ind2=" " tag="035"><subfield code="a">(NEBIS)001300892EBI01</subfield></datafield><datafield ind1=" " ind2=" " tag="035"><subfield code="a">(IDSBB)000944123DSV01</subfield></datafield><datafield ind1=" " ind2=" " tag="035"><subfield code="a">(EXLNZ-41SLSP_NETWORK)991073446239705501</subfield></datafield><datafield ind1=" " ind2=" " tag="040"><subfield code="a">RERO labcur</subfield><subfield code="d">CH-ZuSLS</subfield></datafield><datafield ind1=" " ind2=" " tag="044"><subfield code="a">sz</subfield><subfield code="a">gw</subfield></datafield><datafield ind1="0" ind2=" " tag="045"><subfield code="b">d1993</subfield></datafield><datafield ind1=" " ind2="7" tag="072"><subfield code="a">fr</subfield><subfield code="2">rero</subfield></datafield><datafield ind1=" " ind2="7" tag="072"><subfield code="a">fl</subfield><subfield code="2">SzZuIDS BS/BE</subfield></datafield><datafield ind1="1" ind2=" " tag="080"><subfield code="a">840(494)(091)BRI</subfield></datafield><datafield ind1="0" ind2="0" tag="082"><subfield code="a">840.9/9494</subfield><subfield code="2">20</subfield></datafield><datafield ind1="1" ind2="4" tag="082"><subfield code="a">306.47</subfield><subfield code="2">22</subfield></datafield><datafield ind1="1" ind2="4" tag="082"><subfield code="a">840</subfield><subfield code="2">15</subfield></datafield><datafield ind1=" " ind2=" " tag="084"><subfield code="a">IH 1182</subfield><subfield code="2">rvk</subfield></datafield><datafield ind1=" " ind2=" " tag="084"><subfield code="a">IJ 30023</subfield><subfield code="2">rvk</subfield></datafield><datafield ind1="1" ind2=" " tag="100"><subfield code="6">880-01</subfield><subfield code="a">Bridel, Yves</subfield><subfield code="d">1930-</subfield><subfield code="0">(DE-588)108993050X</subfield></datafield><datafield ind1="1" ind2=" " tag="880"><subfield code="6">100-01</subfield><subfield code="a">Bridel, Yves</subfield><subfield code="d">1930-....</subfield><subfield code="0">(IDREF)026752611</subfield></datafield><datafield ind1="1" ind2="0" tag="245"><subfield code="a">Théâtres d'écritures</subfield><subfield code="b">comment travaillent les écrivains ? : enquête auprès d'écrivains suisses</subfield><subfield code="c">présentation et analyse de Yves Bridel et Adrien Pasquali</subfield></datafield><datafield ind1=" " ind2="1" tag="264"><subfield code="a">Berne</subfield><subfield code="a">Berlin [etc.]</subfield><subfield code="b">P. Lang</subfield><subfield code="c">[1993]</subfield></datafield><datafield ind1=" " ind2="4" tag="264"><subfield code="c">© 1993</subfield></datafield><datafield ind1=" " ind2=" " tag="300"><subfield code="a">441 p.</subfield><subfield code="b">ill.</subfield><subfield code="c">23 cm</subfield></datafield><datafield ind1=" " ind2=" " tag="336"><subfield code="b">txt</subfield><subfield code="2">rdacontent</subfield></datafield><datafield ind1=" " ind2=" " tag="337"><subfield code="b">n</subfield><subfield code="2">rdamedia</subfield></datafield><datafield ind1=" " ind2=" " tag="338"><subfield code="b">nc</subfield><subfield code="2">rdacarrier</subfield></datafield><datafield ind1=" " ind2=" " tag="500"><subfield code="a">Questionnaire soumis à une soixantaine d'écrivains romands dont Jean Vuilleumier</subfield></datafield><datafield ind1=" " ind2=" " tag="500"><subfield code="a">Enth.: Réponses / Raymond Tschumi</subfield></datafield><datafield ind1=" " ind2=" " tag="504"><subfield code="a">Bibliogr</subfield></datafield><datafield ind1=" " ind2=" " tag="504"><subfield code="a">Literaturverzeichnis S. 443</subfield></datafield><datafield ind1="8" ind2=" " tag="520"><subfield code="a">Analyse: Questionnaire soumis à une soixantaine d'écrivains romands parmi lesquels figurent vingt-quatre Vaudois. Un portrait ainsi qu'une brève biographie précèdent chaque enquête.</subfield><subfield code="5">RERO/02.04.1993/labcur/cgi</subfield></datafield><datafield ind1="8" ind2=" " tag="520"><subfield code="a">Questionnaire soumis à une soixantaine d'écrivains romands parmi lesquels 11 Neuchâtelois. Un portrait et une brève biographie précèdent chaque enquête.</subfield><subfield code="5">RERO/30.04.1993/nexcfo/afx</subfield></datafield><datafield ind1="8" ind2=" " tag="520"><subfield code="a">Enquête auprès notamment des écrivains valaisans : Jean-Luc Benoziglio, Georges Borgeaud, Germain Clavien, Claude Darbellay, Raymond Farquet, Pierrette Micheloud, Jean Romain, Maurice Zermatten, Jean-Gabriel Zufferey.</subfield><subfield code="5">RERO/03.05.1993/vsbcvs/paa</subfield></datafield><datafield ind1="8" ind2=" " tag="520"><subfield code="a">Questionnaire soumis à une soixantaine d'écrivains romands dont seize Genevois. Un portrait et une brève biographie précèdent chaque enquête.</subfield><subfield code="5">RERO/18.03.1994/gevbpu/eby</subfield></datafield><datafield ind1=" " ind2="7" tag="650"><subfield code="a">Écriture</subfield><subfield code="0">(IDREF)027288390</subfield><subfield code="2">idref</subfield></datafield><datafield ind1=" " ind2="7" tag="650"><subfield code="a">20e siècle</subfield><subfield code="0">(IDREF)086305646</subfield><subfield code="2">idref</subfield></datafield><datafield ind1=" " ind2="7" tag="650"><subfield code="a">Écrivains</subfield><subfield code="0">(IDREF)027288404</subfield><subfield code="2">idref</subfield></datafield><datafield ind1=" " ind2="7" tag="650"><subfield code="a">Schriftsteller</subfield><subfield code="0">(DE-588)4053309-8</subfield><subfield code="2">gnd</subfield></datafield><datafield ind1=" " ind2="7" tag="650"><subfield code="a">Literatur</subfield><subfield code="0">(DE-588)4035964-5</subfield><subfield code="2">gnd</subfield></datafield><datafield ind1=" " ind2="7" tag="650"><subfield code="a">Schriftsteller</subfield><subfield code="2">idszbz</subfield></datafield><datafield ind1=" " ind2="7" tag="650"><subfield code="a">Literaturproduktion</subfield><subfield code="0">(DE-588)4167882-5</subfield><subfield code="2">gnd</subfield></datafield><datafield ind1=" " ind2="7" tag="650"><subfield code="a">Beruf</subfield><subfield code="2">idszbz</subfield></datafield><datafield ind1=" " ind2="0" tag="650"><subfield code="a">Authorship</subfield></datafield><datafield ind1=" " ind2="0" tag="650"><subfield code="a">Authors, Swiss</subfield><subfield code="y">20th century</subfield><subfield code="x">Interviews</subfield></datafield><datafield ind1=" " ind2="0" tag="650"><subfield code="a">Swiss literature (French)</subfield><subfield code="x">History and criticism</subfield><subfield code="x">Theory, etc</subfield></datafield><datafield ind1=" " ind2="7" tag="650"><subfield code="a">Schriftsteller</subfield><subfield code="z">französischer</subfield><subfield code="z">Schweiz</subfield><subfield code="x">Gespräch</subfield><subfield code="2">idsbb</subfield></datafield><datafield ind1=" " ind2="7" tag="651"><subfield code="a">Suisse romande</subfield><subfield code="0">(IDREF)027437221</subfield><subfield code="2">idref</subfield></datafield><datafield ind1=" " ind2="7" tag="651"><subfield code="a">Französische Schweiz</subfield><subfield code="0">(DE-588)4194045-3</subfield><subfield code="2">gnd</subfield></datafield><datafield ind1=" " ind2="7" tag="651"><subfield code="a">Schweiz</subfield><subfield code="2">idszbz</subfield></datafield><datafield ind1=" " ind2="7" tag="651"><subfield code="a">Französische Schweiz</subfield><subfield code="2">idszbz</subfield></datafield><datafield ind1=" " ind2="0" tag="651"><subfield code="a">Switzerland</subfield><subfield code="x">Intellectual life</subfield><subfield code="y">20th century</subfield></datafield><datafield ind1=" " ind2="7" tag="655"><subfield code="a">Entretiens</subfield><subfield code="0">(IDREF)027235246</subfield><subfield code="2">idref</subfield></datafield><datafield ind1=" " ind2="7" tag="655"><subfield code="a">Interview</subfield><subfield code="2">gnd-content</subfield></datafield><datafield ind1=" " ind2="7" tag="655"><subfield code="a">Umfrage</subfield><subfield code="2">idszbz</subfield></datafield><datafield ind1=" " ind2=" " tag="690"><subfield code="a">Französische Schweiz : Literatur : Geschichte 1950-1993</subfield><subfield code="2">uzb-VH</subfield></datafield><datafield ind1=" " ind2=" " tag="690"><subfield code="a">Literaturproduktion</subfield><subfield code="2">uzb-VH</subfield></datafield><datafield ind1="1" ind2=" " tag="700"><subfield code="a">Pasquali, Adrien</subfield><subfield code="d">1958-1999</subfield><subfield code="0">(IDREF)028756355</subfield></datafield><datafield ind1="4" ind2=" " tag="856"><subfield code="3">Inhaltsverzeichnis</subfield><subfield code="u">http://www.ub.unibas.ch/tox/HBZ/HT004993555/PDF</subfield><subfield code="q">pdf</subfield></datafield><datafield ind1=" " ind2=" " tag="900"><subfield code="a">REROnoselfmerge</subfield></datafield><datafield ind1=" " ind2=" " tag="949"><subfield code="a">http://www.ub.unibas.ch/tox/HBZ/HT004993555/PDF</subfield></datafield></record>
</metadata></record>