<record><header><identifier>oai:alma.41SLSP_UGE:991000799159705502</identifier><datestamp>2023-06-28T00:12:35Z</datestamp><setSpec>uge_bcen_RapidILL_BOOK</setSpec><setSpec>uge_aaca_RapidILL_BOOK</setSpec><setSpec>uge_abels_RapidILL_BOOK</setSpec><setSpec>uge_dbu_RapidILL_BOOK</setSpec><setSpec>uge_cmu_RapidILL_BOOK</setSpec><setSpec>uge_mail_RapidILL_BOOK</setSpec><setSpec>uge_abbat_RapidILL_BOOK</setSpec><setSpec>UNIGE_ALL</setSpec><setSpec>uge_aobs_RapidILL_BOOK</setSpec><setSpec>uge_acar_RapidILL_BOOK</setSpec></header><metadata>
<record xmlns="http://www.loc.gov/MARC21/slim" xmlns:xsi="http://www.w3.org/2001/XMLSchema-instance" xsi:schemaLocation="http://www.loc.gov/MARC21/slim http://www.loc.gov/standards/marcxml/schema/MARC21slim.xsd"><leader>02699nam a22006132c 4500</leader><controlfield tag="001">991000799159705502</controlfield><controlfield tag="005">20230410161146.0</controlfield><controlfield tag="008">201011s1969    gw ||||| |||| 00| ||ger d</controlfield><datafield ind1=" " ind2=" " tag="035"><subfield code="a">(swissbib)214383121-41slsp_network</subfield></datafield><datafield ind1=" " ind2=" " tag="035"><subfield code="a">214383121</subfield><subfield code="9">ExL</subfield></datafield><datafield ind1=" " ind2=" " tag="035"><subfield code="a">(RERO)2116418-41slsp</subfield></datafield><datafield ind1=" " ind2=" " tag="035"><subfield code="a">(NEBIS)003144082EBI01</subfield></datafield><datafield ind1=" " ind2=" " tag="035"><subfield code="a">(IDSBB)000749987DSV01</subfield></datafield><datafield ind1=" " ind2=" " tag="035"><subfield code="a">(EXLNZ-41SLSP_NETWORK)991015831759705501</subfield></datafield><datafield ind1=" " ind2=" " tag="040"><subfield code="a">RERO gevbpu</subfield><subfield code="d">CH-ZuSLS</subfield></datafield><datafield ind1="1" ind2=" " tag="041"><subfield code="a">ger</subfield><subfield code="a">egy</subfield><subfield code="h">egy</subfield></datafield><datafield ind1=" " ind2="7" tag="072"><subfield code="a">ar</subfield><subfield code="2">rero</subfield></datafield><datafield ind1=" " ind2="7" tag="072"><subfield code="a">ae</subfield><subfield code="2">SzZuIDS BS/BE</subfield></datafield><datafield ind1="0" ind2="4" tag="082"><subfield code="a">496.13017 BAR</subfield></datafield><datafield ind1="1" ind2="4" tag="082"><subfield code="a">930</subfield><subfield code="2">15</subfield></datafield><datafield ind1="1" ind2=" " tag="100"><subfield code="a">Barta, Winfried</subfield><subfield code="d">1928-1992</subfield><subfield code="0">(DE-588)119285541</subfield><subfield code="6">880-01</subfield></datafield><datafield ind1="1" ind2=" " tag="880"><subfield code="a">Barta, Winfried</subfield><subfield code="0">(RERO)A002972404</subfield><subfield code="6">100-01</subfield></datafield><datafield ind1="1" ind2="0" tag="245"><subfield code="a">&lt;&lt;Das&gt;&gt; Gespräch eines Mannes mit seinem BA, Papyrus Berlin 3024</subfield><subfield code="c">[hrsg.] von Winfried Barta</subfield></datafield><datafield ind1=" " ind2="1" tag="264"><subfield code="a">Berlin</subfield><subfield code="b">B. Hessling</subfield><subfield code="c">1969</subfield></datafield><datafield ind1=" " ind2=" " tag="300"><subfield code="a">151 p., 20 p. de pl.</subfield><subfield code="b">fac-sim.</subfield><subfield code="c">8⁰</subfield></datafield><datafield ind1=" " ind2=" " tag="336"><subfield code="b">txt</subfield><subfield code="2">rdacontent</subfield></datafield><datafield ind1=" " ind2=" " tag="337"><subfield code="b">n</subfield><subfield code="2">rdamedia</subfield></datafield><datafield ind1=" " ind2=" " tag="338"><subfield code="b">nc</subfield><subfield code="2">rdacarrier</subfield></datafield><datafield ind1="0" ind2=" " tag="490"><subfield code="a">Münchener Universitätsschriften, philosophische Fakultät</subfield></datafield><datafield ind1="1" ind2=" " tag="490"><subfield code="a">Münchner ägyptologische Studien</subfield><subfield code="v">18</subfield></datafield><datafield ind1=" " ind2=" " tag="500"><subfield code="a">Titre conventionnel français du texte égyptien : Dialogue d'un désespéré avec son âme</subfield></datafield><datafield ind1=" " ind2=" " tag="500"><subfield code="a">Contient la transcription hiératique et hiéroglyphique du papyrus de Berlin 3024 (20 p. de pl. in fine) ; ainsi qu'une traduction métrique en allemand (P. 20-29)</subfield></datafield><datafield ind1=" " ind2=" " tag="504"><subfield code="a">Bibliogr.: p. 126-131</subfield></datafield><datafield ind1="2" ind2="7" tag="610"><subfield code="a">Ägyptisches Museum</subfield><subfield code="g">Berlin, RFA</subfield><subfield code="g">1957-1991</subfield><subfield code="0">(IDREF)026462249</subfield><subfield code="2">idref</subfield></datafield><datafield ind1="2" ind2="7" tag="610"><subfield code="a">Staatliche Museen (Berlin)</subfield><subfield code="0">(RERO)A009954119</subfield><subfield code="2">rero</subfield></datafield><datafield ind1="2" ind2="7" tag="610"><subfield code="a">Ägyptisches Museum und Papyrussammlung</subfield><subfield code="g">Berlin, Ost</subfield><subfield code="0">(DE-588)2034809-5</subfield><subfield code="2">gnd</subfield></datafield><datafield ind1="0" ind2="7" tag="630"><subfield code="a">Papyrus 3024</subfield><subfield code="0">(RERO)A011074799</subfield><subfield code="2">rero</subfield></datafield><datafield ind1="0" ind2="7" tag="630"><subfield code="a">Gespräch eines Lebensmüden mit seiner Seele</subfield><subfield code="0">(DE-588)4780654-0</subfield><subfield code="2">gnd</subfield></datafield><datafield ind1=" " ind2="7" tag="650"><subfield code="a">Papyrus hiératiques</subfield><subfield code="0">(IDREF)027510042</subfield><subfield code="2">idref</subfield></datafield><datafield ind1=" " ind2="7" tag="650"><subfield code="a">Vie future</subfield><subfield code="0">(IDREF)027255158</subfield><subfield code="2">idref</subfield></datafield><datafield ind1=" " ind2="7" tag="650"><subfield code="a">Religion égyptienne</subfield><subfield code="0">(IDREF)027636917</subfield><subfield code="2">idref</subfield></datafield><datafield ind1=" " ind2="7" tag="650"><subfield code="a">Suicide</subfield><subfield code="0">(IDREF)02742166X</subfield><subfield code="2">idref</subfield></datafield><datafield ind1=" " ind2="7" tag="650"><subfield code="a">Papyrus égyptiens</subfield><subfield code="0">(IDREF)027530612</subfield><subfield code="2">idref</subfield></datafield><datafield ind1=" " ind2="7" tag="650"><subfield code="a">Jenseitsglaube</subfield><subfield code="0">(DE-588)4162734-9</subfield><subfield code="2">gnd</subfield></datafield><datafield ind1=" " ind2="7" tag="650"><subfield code="a">Seele</subfield><subfield code="0">(DE-588)4054146-0</subfield><subfield code="2">gnd</subfield></datafield><datafield ind1=" " ind2="0" tag="650"><subfield code="a">Egyptian language</subfield><subfield code="v">Papyri, Hieratic</subfield></datafield><datafield ind1=" " ind2="7" tag="651"><subfield code="a">Égypte</subfield><subfield code="y">Jusqu'à 640</subfield><subfield code="0">(IDREF)027772195</subfield><subfield code="2">idref</subfield></datafield><datafield ind1=" " ind2="7" tag="651"><subfield code="a">Ägypten</subfield><subfield code="0">(DE-588)4000556-2</subfield><subfield code="2">gnd</subfield></datafield><datafield ind1=" " ind2="0" tag="651"><subfield code="a">Egypt</subfield><subfield code="x">Religion</subfield></datafield><datafield ind1=" " ind2="7" tag="655"><subfield code="a">Sources</subfield><subfield code="0">(IDREF)027537161</subfield><subfield code="2">idref</subfield></datafield><datafield ind1="0" ind2=" " tag="730"><subfield code="a">Dialogue d'un désespéré avec son âme</subfield><subfield code="l">Egyptien ancien - allemand</subfield></datafield><datafield ind1=" " ind2=" " tag="830"><subfield code="a">Münchner ägyptologische Studien</subfield><subfield code="v">18</subfield><subfield code="w">(NEBIS)000997876EBI01</subfield></datafield><datafield ind1=" " ind2=" " tag="900"><subfield code="a">REROnoselfmerge</subfield></datafield><datafield ind1=" " ind2=" " tag="900"><subfield code="a">IDSZRMedeaZBZ</subfield><subfield code="b">IDSZRSWK</subfield></datafield><datafield ind1=" " ind2=" " tag="900"><subfield code="f">IDSU2medea</subfield></datafield></record>
</metadata></record><record><header status="deleted"><identifier>oai:alma.41SLSP_UGE:991000798539705502</identifier><datestamp>2024-01-06T01:20:03Z</datestamp><setSpec>uge_bcen_RapidILL_BOOK</setSpec><setSpec>uge_aaca_RapidILL_BOOK</setSpec><setSpec>uge_abels_RapidILL_BOOK</setSpec><setSpec>uge_dbu_RapidILL_BOOK</setSpec><setSpec>uge_cmu_RapidILL_BOOK</setSpec><setSpec>uge_mail_RapidILL_BOOK</setSpec><setSpec>uge_abbat_RapidILL_BOOK</setSpec><setSpec>UNIGE_ALL</setSpec><setSpec>uge_acar_RapidILL_BOOK</setSpec><setSpec>uge_aobs_RapidILL_BOOK</setSpec></header></record>