<record><header><identifier>oai:alma.41SLSP_UGE:991000798749705502</identifier><datestamp>2024-05-30T00:07:15Z</datestamp><setSpec>uge_bcen_RapidILL_BOOK</setSpec><setSpec>uge_aaca_RapidILL_BOOK</setSpec><setSpec>uge_abels_RapidILL_BOOK</setSpec><setSpec>uge_dbu_RapidILL_BOOK</setSpec><setSpec>uge_cmu_RapidILL_BOOK</setSpec><setSpec>uge_mail_RapidILL_BOOK</setSpec><setSpec>uge_abbat_RapidILL_BOOK</setSpec><setSpec>UNIGE_ALL</setSpec><setSpec>uge_acar_RapidILL_BOOK</setSpec><setSpec>uge_aobs_RapidILL_BOOK</setSpec></header><metadata>
<record xmlns="http://www.loc.gov/MARC21/slim" xmlns:xsi="http://www.w3.org/2001/XMLSchema-instance" xsi:schemaLocation="http://www.loc.gov/MARC21/slim http://www.loc.gov/standards/marcxml/schema/MARC21slim.xsd"><leader>01525nam a2200385 c 4500</leader><controlfield tag="001">991000798749705502</controlfield><controlfield tag="005">20231215154819.0</controlfield><controlfield tag="008">201022r19811925gw ||||| |||| 00| ||ger d</controlfield><datafield ind1=" " ind2=" " tag="020"><subfield code="a">3783700019</subfield></datafield><datafield ind1=" " ind2=" " tag="035"><subfield code="a">(swissbib)252085086-41slsp_network</subfield></datafield><datafield ind1=" " ind2=" " tag="035"><subfield code="a">252085086</subfield><subfield code="9">ExL</subfield></datafield><datafield ind1=" " ind2=" " tag="035"><subfield code="a">(RERO)R259137060-41slsp</subfield></datafield><datafield ind1=" " ind2=" " tag="035"><subfield code="a">(SBT)000137587SBT01</subfield></datafield><datafield ind1=" " ind2=" " tag="035"><subfield code="a">(EXLNZ-41SLSP_NETWORK)991031532299705501</subfield></datafield><datafield ind1=" " ind2=" " tag="040"><subfield code="a">RERO tibcma</subfield><subfield code="d">CH-ZuSLS</subfield></datafield><datafield ind1=" " ind2="7" tag="072"><subfield code="a">ba</subfield><subfield code="2">rero</subfield></datafield><datafield ind1="1" ind2=" " tag="100"><subfield code="6">880-01</subfield><subfield code="a">Doesburg, Theo Van</subfield><subfield code="d">1883-1931</subfield><subfield code="0">(IDREF)030491517</subfield><subfield code="4">cre</subfield></datafield><datafield ind1="1" ind2=" " tag="880"><subfield code="6">100-01</subfield><subfield code="a">Doesburg, Theo van</subfield><subfield code="0">(SBT11)000008820</subfield></datafield><datafield ind1="1" ind2="0" tag="245"><subfield code="a">Grundbegriffe der neuen gestaltenden Kunst</subfield><subfield code="c">Theo van Doesburg ; mit einem Beitrag des Herausgebers und einem Nachwort von H. L. C. Jaffé</subfield></datafield><datafield ind1=" " ind2=" " tag="250"><subfield code="a">[2. Aufl.]</subfield></datafield><datafield ind1=" " ind2="1" tag="264"><subfield code="a">Mainz</subfield><subfield code="a">Berlin</subfield><subfield code="b">F. Kupferberg</subfield><subfield code="c">1981</subfield></datafield><datafield ind1=" " ind2=" " tag="300"><subfield code="a">VIII, 73 p.</subfield><subfield code="b">ill.</subfield><subfield code="c">26 cm</subfield></datafield><datafield ind1=" " ind2=" " tag="336"><subfield code="b">txt</subfield><subfield code="2">rdacontent</subfield></datafield><datafield ind1=" " ind2=" " tag="337"><subfield code="b">n</subfield><subfield code="2">rdamedia</subfield></datafield><datafield ind1=" " ind2=" " tag="338"><subfield code="b">nc</subfield><subfield code="2">rdacarrier</subfield></datafield><datafield ind1="1" ind2=" " tag="490"><subfield code="a">Neue Bauhausbücher</subfield></datafield><datafield ind1=" " ind2=" " tag="534"><subfield code="t">Grundbegriffe der neuen gestaltenden Kunst</subfield><subfield code="c">München: A. Langen, 1925</subfield></datafield><datafield ind1="2" ind2="7" tag="610"><subfield code="a">Bauhaus</subfield><subfield code="g">1919-1933</subfield><subfield code="0">(IDREF)031932746</subfield><subfield code="2">idref</subfield></datafield><datafield ind1="2" ind2="7" tag="610"><subfield code="a">De Stijl</subfield><subfield code="g">1917-1932</subfield><subfield code="0">(IDREF)027782263</subfield><subfield code="2">idref</subfield></datafield><datafield ind1=" " ind2="7" tag="650"><subfield code="a">20e siècle</subfield><subfield code="0">(IDREF)086305646</subfield><subfield code="2">idref</subfield></datafield><datafield ind1=" " ind2="7" tag="650"><subfield code="a">Esthétique</subfield><subfield code="0">(IDREF)027224503</subfield><subfield code="2">idref</subfield></datafield><datafield ind1=" " ind2=" " tag="691"><subfield code="e">700.010</subfield><subfield code="2">usi-TM</subfield></datafield><datafield ind1="1" ind2=" " tag="700"><subfield code="a">Wingler, Hans Maria</subfield><subfield code="d">1920-1984</subfield><subfield code="0">(IDREF)056900686</subfield></datafield><datafield ind1="1" ind2=" " tag="700"><subfield code="a">Jaffé, Hans Ludwig Cohn</subfield><subfield code="d">1915-1984</subfield><subfield code="0">(IDREF)026933985</subfield></datafield><datafield ind1=" " ind2=" " tag="830"><subfield code="a">Neue Bauhausbücher</subfield><subfield code="p">Kupferberg</subfield><subfield code="w">(RERO)0053854-41slsp</subfield></datafield><datafield ind1=" " ind2=" " tag="900"><subfield code="a">REROnoselfmerge</subfield></datafield></record>
</metadata></record>