<record><header><identifier>oai:alma.41SLSP_UGE:991000798259705502</identifier><datestamp>2023-06-26T00:14:20Z</datestamp><setSpec>UNIGE_ALL</setSpec></header><metadata>
<record xmlns="http://www.loc.gov/MARC21/slim" xmlns:xsi="http://www.w3.org/2001/XMLSchema-instance" xsi:schemaLocation="http://www.loc.gov/MARC21/slim http://www.loc.gov/standards/marcxml/schema/MARC21slim.xsd"><leader>01415ngm a22003617c 4500</leader><controlfield tag="001">991000798259705502</controlfield><controlfield tag="005">20230625172927.0</controlfield><controlfield tag="007">vd |v||||</controlfield><controlfield tag="008">040525s2003    fr ||| |          v|fre d</controlfield><datafield ind1=" " ind2=" " tag="035"><subfield code="a">(swissbib)100625568-41slsp_network</subfield></datafield><datafield ind1=" " ind2=" " tag="035"><subfield code="a">100625568</subfield><subfield code="9">ExL</subfield></datafield><datafield ind1=" " ind2=" " tag="035"><subfield code="a">(RERO)R003641515-41slsp</subfield></datafield><datafield ind1=" " ind2=" " tag="035"><subfield code="a">(EXLNZ-41SLSP_NETWORK)991119115169705501</subfield></datafield><datafield ind1=" " ind2=" " tag="040"><subfield code="a">RERO geumed</subfield><subfield code="d">CH-ZuSLS</subfield></datafield><datafield ind1=" " ind2="7" tag="072"><subfield code="a">ba</subfield><subfield code="2">rero</subfield></datafield><datafield ind1="1" ind2=" " tag="080"><subfield code="a">791.44.071GOD7Fem</subfield></datafield><datafield ind1="1" ind2=" " tag="080"><subfield code="a">DVDF 1961</subfield></datafield><datafield ind1="0" ind2="0" tag="245"><subfield code="a">&lt;&lt;Une&gt;&gt; femme est une femme</subfield><subfield code="c">un film de Jean-Luc Godard ; musique de Michel Legrand ; une prod. de Carlo Ponti, Georges de Beauregard</subfield></datafield><datafield ind1=" " ind2="1" tag="264"><subfield code="a">[Paris]</subfield><subfield code="b">DVDY Films</subfield><subfield code="c">[2003]</subfield></datafield><datafield ind1=" " ind2=" " tag="300"><subfield code="a">1 DVD vidéo (84 min)</subfield></datafield><datafield ind1=" " ind2=" " tag="336"><subfield code="b">tdi</subfield><subfield code="2">rdacontent</subfield></datafield><datafield ind1=" " ind2=" " tag="337"><subfield code="b">v</subfield><subfield code="2">rdamedia</subfield></datafield><datafield ind1=" " ind2=" " tag="338"><subfield code="b">vd</subfield><subfield code="2">rdacarrier</subfield></datafield><datafield ind1=" " ind2=" " tag="385"><subfield code="a">Tous publics</subfield><subfield code="2">rero</subfield></datafield><datafield ind1=" " ind2=" " tag="500"><subfield code="a">Une prod. : Société nouvelle de cinématographie, 1961 (Canal+ International / Iberia Films, 1991)</subfield></datafield><datafield ind1=" " ind2=" " tag="500"><subfield code="a">Version française</subfield></datafield><datafield ind1=" " ind2=" " tag="508"><subfield code="a">Images de Raoul Coutard ; décors de Bernard Evein</subfield></datafield><datafield ind1="0" ind2=" " tag="511"><subfield code="a">Jean-Paul Belmondo ; Anna Karina ; Jean-Claude Brialy ... et al.</subfield></datafield><datafield ind1=" " ind2="7" tag="655"><subfield code="a">DVD</subfield><subfield code="0">(IDREF)035108444</subfield><subfield code="2">idref</subfield></datafield><datafield ind1=" " ind2="7" tag="655"><subfield code="a">Films de fiction</subfield><subfield code="0">(IDREF)14779644X</subfield><subfield code="2">idref</subfield></datafield><datafield ind1="1" ind2=" " tag="700"><subfield code="a">Godard, Jean-Luc</subfield><subfield code="c">cinéaste</subfield><subfield code="d">1930-2022</subfield><subfield code="0">(IDREF)027323560</subfield></datafield><datafield ind1="1" ind2=" " tag="700"><subfield code="a">Legrand, Michel</subfield><subfield code="c">musicien</subfield><subfield code="d">1932-2019</subfield><subfield code="0">(IDREF)028909518</subfield></datafield><datafield ind1="1" ind2=" " tag="700"><subfield code="a">Ponti, Carlo</subfield><subfield code="0">(RERO)A003704627</subfield></datafield><datafield ind1="1" ind2=" " tag="700"><subfield code="a">Beauregard, Georges de</subfield><subfield code="0">(RERO)A002981637</subfield></datafield></record>
</metadata></record>