<record><header><identifier>oai:alma.41SLSP_UGE:991000798779705502</identifier><datestamp>2023-03-01T01:09:27Z</datestamp><setSpec>uge_bcen_RapidILL_BOOK</setSpec><setSpec>uge_aaca_RapidILL_BOOK</setSpec><setSpec>uge_abels_RapidILL_BOOK</setSpec><setSpec>uge_dbu_RapidILL_BOOK</setSpec><setSpec>uge_cmu_RapidILL_BOOK</setSpec><setSpec>uge_mail_RapidILL_BOOK</setSpec><setSpec>UNIGE_ALL</setSpec><setSpec>uge_abbat_RapidILL_BOOK</setSpec><setSpec>uge_acar_RapidILL_BOOK</setSpec><setSpec>uge_aobs_RapidILL_BOOK</setSpec></header><metadata>
<record xmlns="http://www.loc.gov/MARC21/slim" xmlns:xsi="http://www.w3.org/2001/XMLSchema-instance" xsi:schemaLocation="http://www.loc.gov/MARC21/slim http://www.loc.gov/standards/marcxml/schema/MARC21slim.xsd"><leader>02138nam a2200529 c 4500</leader><controlfield tag="001">991000798779705502</controlfield><controlfield tag="005">20230122173928.0</controlfield><controlfield tag="008">201011t19701970xr ||||| |||| 00| ||ger d</controlfield><datafield ind1="7" ind2=" " tag="024"><subfield code="a">http://catalogue.bnf.fr/ark:/12148/cb35280522r</subfield><subfield code="2">uri</subfield></datafield><datafield ind1=" " ind2=" " tag="035"><subfield code="a">(swissbib)228786533-41slsp_network</subfield></datafield><datafield ind1=" " ind2=" " tag="035"><subfield code="a">228786533</subfield><subfield code="9">ExL</subfield></datafield><datafield ind1=" " ind2=" " tag="035"><subfield code="a">(RERO)0659237-41slsp</subfield></datafield><datafield ind1=" " ind2=" " tag="035"><subfield code="a">(IDSLU)001038531ILU01</subfield></datafield><datafield ind1=" " ind2=" " tag="035"><subfield code="a">(NEBIS)003948889EBI01</subfield></datafield><datafield ind1=" " ind2=" " tag="035"><subfield code="a">(EXLNZ-41SLSP_NETWORK)991032752799705501</subfield></datafield><datafield ind1=" " ind2=" " tag="040"><subfield code="a">RERO frbcuc</subfield><subfield code="d">CH-ZuSLS</subfield></datafield><datafield ind1="1" ind2=" " tag="041"><subfield code="a">ger</subfield><subfield code="h">cze</subfield></datafield><datafield ind1=" " ind2="7" tag="072"><subfield code="a">bt</subfield><subfield code="2">rero</subfield></datafield><datafield ind1="0" ind2="4" tag="082"><subfield code="a">091</subfield></datafield><datafield ind1="0" ind2="4" tag="082"><subfield code="a">096.094371</subfield></datafield><datafield ind1="1" ind2=" " tag="100"><subfield code="a">Bohatec, Miloslav</subfield><subfield code="d">19..-....</subfield><subfield code="0">(IDREF)152106782</subfield><subfield code="4">cre</subfield></datafield><datafield ind1="1" ind2="0" tag="245"><subfield code="a">Schöne Bücher des Mittelalters aus Böhmen</subfield><subfield code="c">Miloslav Bohatec ; [Photogr. von Miloslav Veverka und Antonín Bláha] ; [ins Deutsche übers. von Jan Dostal]</subfield></datafield><datafield ind1=" " ind2="1" tag="264"><subfield code="a">Prague</subfield><subfield code="b">Artia</subfield><subfield code="c">[1970]</subfield></datafield><datafield ind1=" " ind2="4" tag="264"><subfield code="c">© 1970</subfield></datafield><datafield ind1=" " ind2=" " tag="300"><subfield code="a">72 S.</subfield><subfield code="b">Ill. , [32] S. Taf., z.T. farb.</subfield><subfield code="c">31 cm</subfield></datafield><datafield ind1=" " ind2=" " tag="336"><subfield code="b">txt</subfield><subfield code="2">rdacontent</subfield></datafield><datafield ind1=" " ind2=" " tag="337"><subfield code="b">n</subfield><subfield code="2">rdamedia</subfield></datafield><datafield ind1=" " ind2=" " tag="338"><subfield code="b">nc</subfield><subfield code="2">rdacarrier</subfield></datafield><datafield ind1=" " ind2="7" tag="650"><subfield code="a">Moyen âge</subfield><subfield code="0">(IDREF)027329917</subfield><subfield code="2">idref</subfield></datafield><datafield ind1=" " ind2="7" tag="650"><subfield code="a">Enluminure tchèque bohémienne</subfield><subfield code="0">(RERO)A025250903</subfield><subfield code="2">rero</subfield></datafield><datafield ind1=" " ind2="7" tag="650"><subfield code="a">Buchmalerei</subfield><subfield code="0">(DE-588)4008650-1</subfield><subfield code="2">gnd</subfield></datafield><datafield ind1=" " ind2="7" tag="650"><subfield code="a">Gotik</subfield><subfield code="0">(DE-588)4021656-1</subfield><subfield code="2">gnd</subfield></datafield><datafield ind1=" " ind2="7" tag="650"><subfield code="a">Mittelalter</subfield><subfield code="0">(DE-588)4129108-6</subfield><subfield code="2">gnd</subfield></datafield><datafield ind1=" " ind2="0" tag="650"><subfield code="a">Illumination of books and manuscripts, Czech</subfield></datafield><datafield ind1=" " ind2="0" tag="650"><subfield code="a">Illumination of books and manuscripts, Medieval</subfield><subfield code="z">Czechoslovakia</subfield></datafield><datafield ind1=" " ind2="7" tag="651"><subfield code="a">Böhmen</subfield><subfield code="0">(DE-588)4007467-5</subfield><subfield code="2">gnd</subfield></datafield><datafield ind1=" " ind2="7" tag="651"><subfield code="a">Österreich</subfield><subfield code="0">(DE-588)4043271-3</subfield><subfield code="2">gnd</subfield></datafield><datafield ind1=" " ind2="7" tag="655"><subfield code="a">Bildband</subfield><subfield code="2">gnd-content</subfield></datafield><datafield ind1=" " ind2=" " tag="690"><subfield code="a">Bibliotheken. Böhmen, B: Handschriften-Sammlungen</subfield><subfield code="2">rzs-L1</subfield></datafield><datafield ind1=" " ind2=" " tag="690"><subfield code="a">Buch. Geschichte. M.A. Böhmen</subfield><subfield code="2">rzs-L1</subfield></datafield><datafield ind1=" " ind2=" " tag="690"><subfield code="a">Buchmalerei. Geschichte. M.A. 9/15. Jh. Böhmen</subfield><subfield code="2">rzs-L1</subfield></datafield><datafield ind1=" " ind2=" " tag="690"><subfield code="a">Handschriften. Böhmen. Geschichte. M.A.</subfield><subfield code="2">rzs-L1</subfield></datafield><datafield ind1=" " ind2=" " tag="690"><subfield code="a">Bilderhandschrift / Einzelne Gebiete und Orte / Europa</subfield><subfield code="2">uzb-Z9</subfield></datafield><datafield ind1=" " ind2=" " tag="690"><subfield code="a">Böhmen / Kultur</subfield><subfield code="2">uzb-Z9</subfield></datafield><datafield ind1="1" ind2=" " tag="700"><subfield code="a">Veverka, Miloslav</subfield><subfield code="0">(RERO)A003939992</subfield></datafield><datafield ind1="1" ind2=" " tag="700"><subfield code="a">Dostal, Jan</subfield><subfield code="d">19..-....</subfield><subfield code="0">(IDREF)152106898</subfield></datafield><datafield ind1=" " ind2=" " tag="900"><subfield code="a">REROnoselfmerge</subfield></datafield><datafield ind1=" " ind2=" " tag="900"><subfield code="a">IDSZRMedeaZBZ</subfield><subfield code="b">IDSZRAufnahme</subfield></datafield><datafield ind1=" " ind2=" " tag="993"><subfield code="a">BFLB 10789</subfield><subfield code="x">ge/ulha/d/91/147</subfield><subfield code="9">LOCAL</subfield></datafield></record>
</metadata></record>