<record><header><identifier>oai:alma.41SLSP_UGE:991000799199705502</identifier><datestamp>2023-03-01T01:09:27Z</datestamp><setSpec>uge_bcen_RapidILL_BOOK</setSpec><setSpec>uge_aaca_RapidILL_BOOK</setSpec><setSpec>uge_abels_RapidILL_BOOK</setSpec><setSpec>uge_dbu_RapidILL_BOOK</setSpec><setSpec>uge_cmu_RapidILL_BOOK</setSpec><setSpec>uge_mail_RapidILL_BOOK</setSpec><setSpec>UNIGE_ALL</setSpec><setSpec>uge_abbat_RapidILL_BOOK</setSpec><setSpec>uge_aobs_RapidILL_BOOK</setSpec><setSpec>uge_acar_RapidILL_BOOK</setSpec></header><metadata>
<record xmlns="http://www.loc.gov/MARC21/slim" xmlns:xsi="http://www.w3.org/2001/XMLSchema-instance" xsi:schemaLocation="http://www.loc.gov/MARC21/slim http://www.loc.gov/standards/marcxml/schema/MARC21slim.xsd"><leader>01873naa a2200337 c 4500</leader><controlfield tag="001">991000799199705502</controlfield><controlfield tag="005">20201229214934.0</controlfield><controlfield tag="008">201011s1974    sz ||||| |||| 00| ||ger d</controlfield><datafield ind1=" " ind2=" " tag="035"><subfield code="a">(swissbib)213659387-41slsp_network</subfield></datafield><datafield ind1=" " ind2=" " tag="035"><subfield code="a">213659387</subfield><subfield code="9">ExL</subfield></datafield><datafield ind1=" " ind2=" " tag="035"><subfield code="a">(RERO)1602772-41slsp</subfield></datafield><datafield ind1=" " ind2=" " tag="035"><subfield code="a">(IDSLU)000607064ILU01</subfield></datafield><datafield ind1=" " ind2=" " tag="035"><subfield code="a">(IDSBB)000446361DSV01</subfield></datafield><datafield ind1=" " ind2=" " tag="035"><subfield code="a">(EXLNZ-41SLSP_NETWORK)991053720109705501</subfield></datafield><datafield ind1=" " ind2=" " tag="040"><subfield code="a">RERO vsbcvs</subfield><subfield code="d">CH-ZuSLS</subfield></datafield><datafield ind1="0" ind2=" " tag="041"><subfield code="a">ger</subfield><subfield code="a">eng</subfield><subfield code="a">fre</subfield></datafield><datafield ind1=" " ind2="7" tag="072"><subfield code="a">st</subfield><subfield code="2">rero</subfield></datafield><datafield ind1=" " ind2="7" tag="072"><subfield code="a">ge</subfield><subfield code="2">SzZuIDS BS/BE</subfield></datafield><datafield ind1="0" ind2="0" tag="245"><subfield code="a">Alpidische Metamorphosen in den Alpen</subfield><subfield code="b">Jubiläumsband zum 50-jährigen Bestehen der Schweizerischen mineralogischen und petrographischen Gesellschaft</subfield><subfield code="c">Schweizerische Mineralogische und Petrographische Gesellschaft</subfield></datafield><datafield ind1=" " ind2="1" tag="264"><subfield code="a">Zürich</subfield><subfield code="b">Leemann</subfield><subfield code="c">1974</subfield></datafield><datafield ind1=" " ind2=" " tag="300"><subfield code="a">II, S. 247-788</subfield><subfield code="c">8'</subfield></datafield><datafield ind1=" " ind2=" " tag="336"><subfield code="b">txt</subfield><subfield code="2">rdacontent</subfield></datafield><datafield ind1=" " ind2=" " tag="337"><subfield code="b">n</subfield><subfield code="2">rdamedia</subfield></datafield><datafield ind1=" " ind2=" " tag="338"><subfield code="b">nc</subfield><subfield code="2">rdacarrier</subfield></datafield><datafield ind1=" " ind2=" " tag="580"><subfield code="a">In: Schweizerische mineralogische und petrographische Mitteilungen. - Zürich. - 1974, H. 2/3, S. 247-788</subfield></datafield><datafield ind1=" " ind2=" " tag="690"><subfield code="a">Geologie. Schweiz, B: Alpen: Gesteinsmetamorphosen, alpidische</subfield><subfield code="2">rzs-L1</subfield></datafield><datafield ind1=" " ind2=" " tag="690"><subfield code="a">Gesteinskunde. Schweiz, B: Gesteinsmetamorphosen, alpidische</subfield><subfield code="2">rzs-L1</subfield></datafield><datafield ind1="2" ind2=" " tag="710"><subfield code="a">Swiss Society of Mineralogy and Petrology</subfield><subfield code="0">(IDREF)076328988</subfield></datafield><datafield ind1="0" ind2=" " tag="773"><subfield code="t">Schweizerische Mineralogische und Petrographische Mitteilungen</subfield><subfield code="g">Bd. 54, H. 2/3 (1974), 247-788</subfield><subfield code="q">54/2/3/1974/247-788</subfield><subfield code="g">yr:1974</subfield><subfield code="g">no:54</subfield><subfield code="w">(IDSBB)000104940DSV01</subfield></datafield><datafield ind1="0" ind2=" " tag="773"><subfield code="t">Schweizerische mineralogische und petrographische Mitteilungen = Bulletin suisse de minéralogie et pétrographie = Bollettino svizzero di mineralogia e petrografia : eine europäische Zeitschrift für Mineralogie, Geochemie und Petrographie</subfield><subfield code="g">1974/247</subfield><subfield code="g">yr:1974</subfield></datafield><datafield ind1="0" ind2=" " tag="773"><subfield code="t">Schweizerische Mineralogische und Petrographische Mitteilungen</subfield><subfield code="g">Bd. 54 (1974), H. 2-3</subfield><subfield code="g">yr:1974</subfield><subfield code="g">no:54</subfield><subfield code="q">1974/2</subfield><subfield code="w">(IDSLU)000209128ILU01</subfield></datafield><datafield ind1=" " ind2=" " tag="900"><subfield code="a">REROnoselfmerge</subfield></datafield></record>
</metadata></record>