<record><header><identifier>oai:alma.41SLSP_UGE:991000798989705502</identifier><datestamp>2024-10-15T00:08:55Z</datestamp><setSpec>uge_bcen_RapidILL_BOOK</setSpec><setSpec>uge_aaca_RapidILL_BOOK</setSpec><setSpec>uge_abels_RapidILL_BOOK</setSpec><setSpec>uge_dbu_RapidILL_BOOK</setSpec><setSpec>uge_cmu_RapidILL_BOOK</setSpec><setSpec>uge_mail_RapidILL_BOOK</setSpec><setSpec>uge_abbat_RapidILL_BOOK</setSpec><setSpec>UNIGE_ALL</setSpec><setSpec>uge_aobs_RapidILL_BOOK</setSpec><setSpec>uge_acar_RapidILL_BOOK</setSpec></header><metadata>
<record xmlns="http://www.loc.gov/MARC21/slim" xmlns:xsi="http://www.w3.org/2001/XMLSchema-instance" xsi:schemaLocation="http://www.loc.gov/MARC21/slim http://www.loc.gov/standards/marcxml/schema/MARC21slim.xsd"><leader>02217nam a2200565 c 4500</leader><controlfield tag="001">991000798989705502</controlfield><controlfield tag="005">20241014132706.0</controlfield><controlfield tag="008">201011s2020    sz       |||| 00| 0 fre d</controlfield><datafield ind1=" " ind2=" " tag="020"><subfield code="a">2889550265</subfield></datafield><datafield ind1=" " ind2=" " tag="020"><subfield code="a">9782889550265</subfield><subfield code="q">brochure</subfield></datafield><datafield ind1=" " ind2=" " tag="035"><subfield code="a">(swissbib)231048076-41slsp_network</subfield></datafield><datafield ind1=" " ind2=" " tag="035"><subfield code="a">231048076</subfield><subfield code="9">ExL</subfield></datafield><datafield ind1=" " ind2=" " tag="035"><subfield code="a">(NEBIS)011614019EBI01</subfield></datafield><datafield ind1=" " ind2=" " tag="035"><subfield code="a">(RERO)R009016991-41slsp</subfield></datafield><datafield ind1=" " ind2=" " tag="035"><subfield code="a">(OCoLC)1145769246</subfield></datafield><datafield ind1=" " ind2=" " tag="035"><subfield code="a">(EXLNZ-41SLSP_NETWORK)991077158399705501</subfield></datafield><datafield ind1=" " ind2=" " tag="040"><subfield code="a">CHBCC</subfield><subfield code="b">fre</subfield><subfield code="e">rda</subfield><subfield code="d">CH-ZuSLS UZB ZB</subfield></datafield><datafield ind1=" " ind2=" " tag="044"><subfield code="a">sz</subfield><subfield code="c">ch-ge</subfield></datafield><datafield ind1=" " ind2="7" tag="072"><subfield code="a">lc</subfield><subfield code="2">rero</subfield></datafield><datafield ind1=" " ind2="7" tag="072"><subfield code="a">go</subfield><subfield code="2">rero</subfield></datafield><datafield ind1="7" ind2="4" tag="082"><subfield code="a">840</subfield><subfield code="2">23sdnb</subfield></datafield><datafield ind1=" " ind2=" " tag="084"><subfield code="a">B</subfield><subfield code="2">23sdnb</subfield></datafield><datafield ind1="1" ind2=" " tag="100"><subfield code="6">880-01</subfield><subfield code="a">Roulet, Daniel &lt;&lt;de&gt;&gt;</subfield><subfield code="d">1944-</subfield><subfield code="4">aut</subfield><subfield code="0">(DE-588)115660380</subfield></datafield><datafield ind1="1" ind2=" " tag="880"><subfield code="6">100-01</subfield><subfield code="a">Roulet, Daniel de</subfield><subfield code="d">1944-....</subfield><subfield code="0">(IDREF)032398352</subfield><subfield code="4">aut</subfield></datafield><datafield ind1="1" ind2="0" tag="245"><subfield code="a">&lt;&lt;La&gt;&gt; Suisse de travers</subfield><subfield code="c">Daniel de Roulet ; préface de Jean-Christophe Bailly</subfield></datafield><datafield ind1=" " ind2="1" tag="264"><subfield code="a">[Genève]</subfield><subfield code="b">Editions Héros-Limite</subfield><subfield code="c">[2020]</subfield></datafield><datafield ind1=" " ind2=" " tag="300"><subfield code="a">185 pages</subfield><subfield code="c">18 cm</subfield></datafield><datafield ind1=" " ind2=" " tag="336"><subfield code="b">txt</subfield><subfield code="2">rdacontent</subfield></datafield><datafield ind1=" " ind2=" " tag="337"><subfield code="b">n</subfield><subfield code="2">rdamedia</subfield></datafield><datafield ind1=" " ind2=" " tag="338"><subfield code="b">nc</subfield><subfield code="2">rdacarrier</subfield></datafield><datafield ind1="1" ind2=" " tag="490"><subfield code="a">Feuilles d'herbe</subfield><subfield code="v">35</subfield></datafield><datafield ind1="0" ind2=" " tag="490"><subfield code="a">Géographie(s)</subfield></datafield><datafield ind1="1" ind2="7" tag="600"><subfield code="a">Roulet, Daniel de</subfield><subfield code="d">1944-....</subfield><subfield code="0">(IDREF)032398352</subfield><subfield code="2">idref</subfield></datafield><datafield ind1=" " ind2="7" tag="650"><subfield code="a">Migration</subfield><subfield code="0">(DE-588)4120730-0</subfield><subfield code="2">gnd</subfield></datafield><datafield ind1=" " ind2="7" tag="650"><subfield code="a">Reisebericht</subfield><subfield code="0">(DE-588)4076645-7</subfield><subfield code="2">gnd</subfield></datafield><datafield ind1=" " ind2="7" tag="650"><subfield code="a">Écrivains</subfield><subfield code="0">(IDREF)027288404</subfield><subfield code="2">idref</subfield></datafield><datafield ind1=" " ind2="7" tag="650"><subfield code="a">Voyageurs</subfield><subfield code="0">(IDREF)027549070</subfield><subfield code="2">idref</subfield></datafield><datafield ind1=" " ind2="7" tag="650"><subfield code="a">Récits de voyages</subfield><subfield code="0">(IDREF)027242285</subfield><subfield code="2">idref</subfield></datafield><datafield ind1=" " ind2="7" tag="650"><subfield code="a">Célébrités</subfield><subfield code="0">(IDREF)027261808</subfield><subfield code="2">idref</subfield></datafield><datafield ind1=" " ind2="7" tag="651"><subfield code="a">Schweiz</subfield><subfield code="0">(DE-588)4053881-3</subfield><subfield code="2">gnd</subfield></datafield><datafield ind1=" " ind2="7" tag="651"><subfield code="a">Suisse</subfield><subfield code="0">(IDREF)027249654</subfield><subfield code="2">idref</subfield></datafield><datafield ind1=" " ind2="7" tag="655"><subfield code="a">Anthologies</subfield><subfield code="0">(IDREF)027269493</subfield><subfield code="2">idref</subfield></datafield><datafield ind1=" " ind2="7" tag="655"><subfield code="a">Récits de voyages</subfield><subfield code="0">(IDREF)27242285</subfield><subfield code="2">idref</subfield></datafield><datafield ind1="1" ind2=" " tag="700"><subfield code="a">Bailly, Jean-Christophe</subfield><subfield code="d">1949-</subfield><subfield code="0">(DE-588)119015889</subfield><subfield code="e">Verfasser einer Einleitung</subfield><subfield code="4">win</subfield></datafield><datafield ind1=" " ind2="0" tag="830"><subfield code="a">Feuilles d'herbe</subfield><subfield code="v">35</subfield><subfield code="w">(NEBIS)007363006EBI01</subfield></datafield><datafield ind1=" " ind2="0" tag="830"><subfield code="a">Feuilles d'herbe</subfield><subfield code="p">Héros-Limite</subfield><subfield code="v">35</subfield><subfield code="w">(RERO)R006121443-41slsp</subfield></datafield><datafield ind1="4" ind2="2" tag="856"><subfield code="3">Inhaltsverzeichnis</subfield><subfield code="q">PDF</subfield><subfield code="u">https://urn.ub.unibe.ch/urn:ch:slsp:9782889550265:ihv:pdf</subfield></datafield><datafield ind1=" " ind2=" " tag="900"><subfield code="a">REROnoselfmerge</subfield></datafield><datafield ind1=" " ind2=" " tag="900"><subfield code="a">OK_GND</subfield><subfield code="x">UZB/Z01/202110/lanz</subfield></datafield><datafield ind1=" " ind2=" " tag="900"><subfield code="a">Stoppsignal FRED</subfield><subfield code="x">UZB/Z01/202110</subfield></datafield><datafield ind1=" " ind2=" " tag="949"><subfield code="a">https://urn.ub.unibe.ch/urn:ch:slsp:9782889550265:ihv:pdf</subfield></datafield></record>
</metadata></record>