<record><header><identifier>oai:alma.41SLSP_UGE:991000799099705502</identifier><datestamp>2024-02-10T01:24:56Z</datestamp><setSpec>uge_bcen_RapidILL_BOOK</setSpec><setSpec>uge_aaca_RapidILL_BOOK</setSpec><setSpec>uge_abels_RapidILL_BOOK</setSpec><setSpec>uge_dbu_RapidILL_BOOK</setSpec><setSpec>uge_cmu_RapidILL_BOOK</setSpec><setSpec>uge_mail_RapidILL_BOOK</setSpec><setSpec>uge_abbat_RapidILL_BOOK</setSpec><setSpec>UNIGE_ALL</setSpec><setSpec>uge_acar_RapidILL_BOOK</setSpec><setSpec>uge_aobs_RapidILL_BOOK</setSpec></header><metadata>
<record xmlns="http://www.loc.gov/MARC21/slim" xmlns:xsi="http://www.w3.org/2001/XMLSchema-instance" xsi:schemaLocation="http://www.loc.gov/MARC21/slim http://www.loc.gov/standards/marcxml/schema/MARC21slim.xsd"><leader>02180nam a2200541 c 4500</leader><controlfield tag="001">991000799099705502</controlfield><controlfield tag="005">20240209172828.0</controlfield><controlfield tag="008">201011s2019    fr       |||| 000 0 fre|d</controlfield><datafield ind1=" " ind2=" " tag="020"><subfield code="a">9782745349323</subfield></datafield><datafield ind1=" " ind2=" " tag="035"><subfield code="a">(swissbib)215312279-41slsp_network</subfield></datafield><datafield ind1=" " ind2=" " tag="035"><subfield code="a">215312279</subfield><subfield code="9">ExL</subfield></datafield><datafield ind1=" " ind2=" " tag="035"><subfield code="a">(IDSBB)007061226DSV01</subfield></datafield><datafield ind1=" " ind2=" " tag="035"><subfield code="a">(NEBIS)011356100EBI01</subfield></datafield><datafield ind1=" " ind2=" " tag="035"><subfield code="a">(RERO)R008891470-41slsp</subfield></datafield><datafield ind1=" " ind2=" " tag="035"><subfield code="a">(NEBIS)011350675EBI01</subfield></datafield><datafield ind1=" " ind2=" " tag="035"><subfield code="a">(EXLNZ-41SLSP_NETWORK)991126790369705501</subfield></datafield><datafield ind1=" " ind2=" " tag="040"><subfield code="a">RERO geulfr</subfield><subfield code="b">ger</subfield><subfield code="e">rda</subfield><subfield code="d">CH-ZuSLS</subfield></datafield><datafield ind1="0" ind2=" " tag="041"><subfield code="a">fre</subfield><subfield code="a">fro</subfield></datafield><datafield ind1=" " ind2=" " tag="044"><subfield code="a">sz</subfield><subfield code="c">ch-ge</subfield></datafield><datafield ind1=" " ind2="7" tag="072"><subfield code="a">fm</subfield><subfield code="2">rero</subfield></datafield><datafield ind1="1" ind2=" " tag="080"><subfield code="a">840&quot;08/14&quot;GuiB</subfield></datafield><datafield ind1="1" ind2="4" tag="082"><subfield code="a">840</subfield><subfield code="2">15</subfield></datafield><datafield ind1="7" ind2="4" tag="082"><subfield code="a">840</subfield><subfield code="2">23sdnb</subfield></datafield><datafield ind1=" " ind2=" " tag="084"><subfield code="a">IE 6227</subfield><subfield code="2">rvk</subfield></datafield><datafield ind1=" " ind2=" " tag="084"><subfield code="a">B</subfield><subfield code="2">sdnb</subfield></datafield><datafield ind1="0" ind2=" " tag="130"><subfield code="a">Gui de Bourgogne</subfield><subfield code="0">(DE-588)4699801-9</subfield></datafield><datafield ind1="0" ind2="0" tag="245"><subfield code="a">Gui de Bourgogne</subfield><subfield code="b">chanson de geste du XIIIe siècle</subfield><subfield code="c">éditée par Françoise E. Denis et William W. Kibler</subfield></datafield><datafield ind1=" " ind2="1" tag="264"><subfield code="a">Paris</subfield><subfield code="b">Champion</subfield><subfield code="c">2019</subfield></datafield><datafield ind1=" " ind2="2" tag="264"><subfield code="a">Genève</subfield><subfield code="b">diff. Slatkine</subfield></datafield><datafield ind1=" " ind2=" " tag="300"><subfield code="a">497 pages</subfield></datafield><datafield ind1=" " ind2=" " tag="336"><subfield code="b">txt</subfield><subfield code="2">rdacontent</subfield></datafield><datafield ind1=" " ind2=" " tag="337"><subfield code="b">n</subfield><subfield code="2">rdamedia</subfield></datafield><datafield ind1=" " ind2=" " tag="338"><subfield code="b">nc</subfield><subfield code="2">rdacarrier</subfield></datafield><datafield ind1="1" ind2=" " tag="490"><subfield code="a">Les classiques français du moyen âge</subfield><subfield code="v">187</subfield></datafield><datafield ind1=" " ind2=" " tag="500"><subfield code="a">Quellentext altfranzösisch mit paralleler französischer Übersetzung</subfield></datafield><datafield ind1=" " ind2=" " tag="546"><subfield code="a">Originaltext altfranzösisch, Einleitung und Kommentar französisch</subfield></datafield><datafield ind1="0" ind2="0" tag="600"><subfield code="a">Gui de Bourgogne</subfield><subfield code="d">-1272</subfield></datafield><datafield ind1="0" ind2="0" tag="600"><subfield code="a">Gui de Bourgogne</subfield><subfield code="d">-1272</subfield><subfield code="x">Criticism and interpretation</subfield></datafield><datafield ind1="0" ind2="7" tag="630"><subfield code="a">Gui de Bourgogne</subfield><subfield code="0">(DE-588)4699801-9</subfield><subfield code="2">gnd</subfield></datafield><datafield ind1=" " ind2="0" tag="650"><subfield code="a">Chansons de geste</subfield></datafield><datafield ind1="1" ind2=" " tag="700"><subfield code="6">880-01</subfield><subfield code="a">Kibler, William W.</subfield><subfield code="d">1942-</subfield><subfield code="0">(DE-588)142303755</subfield><subfield code="4">edt</subfield></datafield><datafield ind1="1" ind2=" " tag="880"><subfield code="6">700-01/(B</subfield><subfield code="a">Kibler, William W.</subfield><subfield code="d">1942-....</subfield><subfield code="0">(IDREF)026949180</subfield><subfield code="4">edt</subfield></datafield><datafield ind1="1" ind2=" " tag="700"><subfield code="a">Denis, Françoise</subfield><subfield code="0">(IDREF)028257596</subfield><subfield code="4">edt</subfield></datafield><datafield ind1="4" ind2=" " tag="856"><subfield code="3">Titelblatt und Inhaltsverzeichnis</subfield><subfield code="u">https://toc.library.ethz.ch/objects/pdf03/z01_978-2-7453-4932-3_01.pdf</subfield><subfield code="q">pdf</subfield></datafield><datafield ind1=" " ind2="0" tag="830"><subfield code="a">&lt;&lt;Les&gt;&gt; classiques français du Moyen Age</subfield><subfield code="v">187</subfield><subfield code="w">(RERO)0038708-41slsp</subfield></datafield><datafield ind1=" " ind2="0" tag="830"><subfield code="a">&lt;&lt;Les&gt;&gt; classiques français du moyen âge</subfield><subfield code="v">187</subfield><subfield code="w">(NEBIS)000987675EBI01</subfield></datafield><datafield ind1=" " ind2=" " tag="900"><subfield code="a">Stoppsignal FRED</subfield></datafield><datafield ind1=" " ind2=" " tag="900"><subfield code="a">IDSZ2zbzmon201902f</subfield><subfield code="c">IDSZ2kalh</subfield><subfield code="d">IDSZ2zbzswk201902k</subfield><subfield code="e">IDSZ2trun</subfield></datafield><datafield ind1=" " ind2=" " tag="949"><subfield code="a">https://toc.library.ethz.ch/objects/pdf03/z01_978-2-7453-4932-3_01.pdf</subfield></datafield></record>
</metadata></record>