<record><header><identifier>oai:alma.41SLSP_UGE:991000798269705502</identifier><datestamp>2023-11-05T05:47:36Z</datestamp><setSpec>uge_bcen_RapidILL_BOOK</setSpec><setSpec>uge_aaca_RapidILL_BOOK</setSpec><setSpec>uge_abels_RapidILL_BOOK</setSpec><setSpec>uge_dbu_RapidILL_BOOK</setSpec><setSpec>uge_cmu_RapidILL_BOOK</setSpec><setSpec>uge_mail_RapidILL_BOOK</setSpec><setSpec>UNIGE_ALL</setSpec><setSpec>uge_abbat_RapidILL_BOOK</setSpec><setSpec>uge_acar_RapidILL_BOOK</setSpec><setSpec>uge_aobs_RapidILL_BOOK</setSpec></header><metadata>
<record xmlns="http://www.loc.gov/MARC21/slim" xmlns:xsi="http://www.w3.org/2001/XMLSchema-instance" xsi:schemaLocation="http://www.loc.gov/MARC21/slim http://www.loc.gov/standards/marcxml/schema/MARC21slim.xsd"><leader>04141nam a2200793 c 4500</leader><controlfield tag="001">991000798269705502</controlfield><controlfield tag="005">20230422203334.0</controlfield><controlfield tag="008">201011s2006    gw            00| | ger  </controlfield><datafield ind1=" " ind2=" " tag="015"><subfield code="a">DNB-06,A31,1532</subfield></datafield><datafield ind1=" " ind2=" " tag="020"><subfield code="a">9783825351793</subfield></datafield><datafield ind1=" " ind2=" " tag="020"><subfield code="a">3825351793</subfield></datafield><datafield ind1=" " ind2=" " tag="035"><subfield code="a">(swissbib)217467237-41slsp_network</subfield></datafield><datafield ind1=" " ind2=" " tag="035"><subfield code="a">217467237</subfield><subfield code="9">ExL</subfield></datafield><datafield ind1=" " ind2=" " tag="035"><subfield code="a">(IDSBB)003888203DSV01</subfield></datafield><datafield ind1=" " ind2=" " tag="035"><subfield code="a">(RERO)R004544189-41slsp</subfield></datafield><datafield ind1=" " ind2=" " tag="035"><subfield code="a">(IDSSG)000526428HSB01</subfield></datafield><datafield ind1=" " ind2=" " tag="035"><subfield code="a">(NEBIS)005242778EBI01</subfield></datafield><datafield ind1=" " ind2=" " tag="035"><subfield code="a">(EXLNZ-41SLSP_NETWORK)991012447039705501</subfield></datafield><datafield ind1=" " ind2=" " tag="040"><subfield code="a">SzZuIDS BS/BE B400</subfield><subfield code="e">kids</subfield><subfield code="d">CH-ZuSLS</subfield></datafield><datafield ind1="0" ind2=" " tag="041"><subfield code="a">ger</subfield><subfield code="a">eng</subfield><subfield code="a">fre</subfield></datafield><datafield ind1=" " ind2="7" tag="072"><subfield code="a">et</subfield><subfield code="2">SzZuIDS BS/BE</subfield></datafield><datafield ind1=" " ind2="7" tag="072"><subfield code="a">le</subfield><subfield code="2">SzZuIDS BS/BE</subfield></datafield><datafield ind1=" " ind2="7" tag="072"><subfield code="a">gw</subfield><subfield code="2">SzZuIDS BS/BE</subfield></datafield><datafield ind1=" " ind2="7" tag="072"><subfield code="a">pe</subfield><subfield code="2">rero</subfield></datafield><datafield ind1="0" ind2="4" tag="082"><subfield code="a">306</subfield><subfield code="2">22</subfield></datafield><datafield ind1=" " ind2=" " tag="084"><subfield code="a">CV 7500</subfield><subfield code="2">rvk</subfield></datafield><datafield ind1=" " ind2=" " tag="084"><subfield code="a">HD 270</subfield><subfield code="2">rvk</subfield></datafield><datafield ind1=" " ind2=" " tag="084"><subfield code="a">LB 31900</subfield><subfield code="2">rvk</subfield></datafield><datafield ind1=" " ind2=" " tag="084"><subfield code="a">MR 7100</subfield><subfield code="2">rvk</subfield></datafield><datafield ind1="0" ind2="0" tag="245"><subfield code="a">Inter- und transkulturelle Studien</subfield><subfield code="b">theoretische Grundlagen und interdisziplinäre Praxis</subfield><subfield code="c">ed. by Heinz Antor ; [mit Beitr. von Cristina Allemann-Ghionda ... et al.] ; [Zentrum für Inter- und Transkulturelle Studien, Köln]</subfield></datafield><datafield ind1=" " ind2="1" tag="264"><subfield code="a">Heidelberg</subfield><subfield code="b">Universitätsverlag Winter</subfield><subfield code="c">2006</subfield></datafield><datafield ind1=" " ind2=" " tag="300"><subfield code="a">239 S.</subfield><subfield code="c">25 cm</subfield></datafield><datafield ind1=" " ind2=" " tag="336"><subfield code="b">txt</subfield><subfield code="2">rdacontent</subfield></datafield><datafield ind1=" " ind2=" " tag="337"><subfield code="b">n</subfield><subfield code="2">rdamedia</subfield></datafield><datafield ind1=" " ind2=" " tag="338"><subfield code="b">nc</subfield><subfield code="2">rdacarrier</subfield></datafield><datafield ind1="1" ind2=" " tag="490"><subfield code="a">Anglistische Forschungen</subfield><subfield code="v">Bd. 362</subfield></datafield><datafield ind1=" " ind2=" " tag="500"><subfield code="a">Text deutsch und englisch</subfield></datafield><datafield ind1=" " ind2=" " tag="500"><subfield code="a">Deutsche, englische und franz. Beiträge</subfield></datafield><datafield ind1=" " ind2="7" tag="650"><subfield code="a">Kulturkontakt</subfield><subfield code="2">idsbb</subfield></datafield><datafield ind1=" " ind2="7" tag="650"><subfield code="a">Literaturtheorie</subfield><subfield code="2">idsbb</subfield></datafield><datafield ind1=" " ind2="7" tag="650"><subfield code="a">Études transculturelles</subfield><subfield code="0">(IDREF)027555305</subfield><subfield code="2">idref</subfield></datafield><datafield ind1=" " ind2="7" tag="650"><subfield code="a">Littérature</subfield><subfield code="0">(IDREF)027328570</subfield><subfield code="2">idref</subfield></datafield><datafield ind1=" " ind2="7" tag="650"><subfield code="a">Éducation interculturelle</subfield><subfield code="0">(IDREF)02727554X</subfield><subfield code="2">idref</subfield></datafield><datafield ind1=" " ind2="7" tag="650"><subfield code="a">Acculturation</subfield><subfield code="0">(IDREF)027299848</subfield><subfield code="2">idref</subfield></datafield><datafield ind1=" " ind2="7" tag="650"><subfield code="a">Literatur</subfield><subfield code="0">(DE-588)4035964-5</subfield><subfield code="2">gnd</subfield></datafield><datafield ind1=" " ind2="7" tag="650"><subfield code="a">Interkulturalität</subfield><subfield code="0">(DE-588)4519498-1</subfield><subfield code="2">gnd</subfield></datafield><datafield ind1=" " ind2="7" tag="650"><subfield code="a">Kulturkontakt</subfield><subfield code="0">(DE-588)4033569-0</subfield><subfield code="2">gnd</subfield></datafield><datafield ind1=" " ind2="7" tag="650"><subfield code="a">Interkulturalität</subfield><subfield code="2">idszbz</subfield></datafield><datafield ind1=" " ind2="7" tag="650"><subfield code="a">Kulturkontakt</subfield><subfield code="2">idszbz</subfield></datafield><datafield ind1=" " ind2="7" tag="650"><subfield code="a">Literatur</subfield><subfield code="2">idszbz</subfield></datafield><datafield ind1=" " ind2="0" tag="650"><subfield code="a">Cross-cultural studies</subfield></datafield><datafield ind1=" " ind2="0" tag="650"><subfield code="a">Multiculturalism</subfield></datafield><datafield ind1=" " ind2="7" tag="655"><subfield code="a">[Études diverses]</subfield><subfield code="0">(RERO)A022249905</subfield><subfield code="2">rero</subfield></datafield><datafield ind1=" " ind2="7" tag="655"><subfield code="a">Aufsatzsammlung</subfield><subfield code="2">gnd-content</subfield></datafield><datafield ind1=" " ind2=" " tag="690"><subfield code="a">Interkulturalität</subfield><subfield code="2">ubs-A6</subfield></datafield><datafield ind1=" " ind2=" " tag="690"><subfield code="a">Kulturkontakt</subfield><subfield code="2">ubs-A6</subfield></datafield><datafield ind1=" " ind2=" " tag="690"><subfield code="a">Multikultur</subfield><subfield code="2">ubs-A6</subfield></datafield><datafield ind1=" " ind2=" " tag="690"><subfield code="a">Köln; Literatur; Berlin; Bremen; Kompetenz; Praxis; Tierfett; Schrift; Vers; Verzeichnis</subfield><subfield code="2">idssg-J</subfield></datafield><datafield ind1=" " ind2=" " tag="690"><subfield code="a">Divers; Lateinamerikastudie; Weltliteratur; Universitätsverlag; Außensicht; Grundthese; Innensicht; Kulturwissen; Multikulturalismus</subfield><subfield code="2">idssg-J</subfield></datafield><datafield ind1=" " ind2=" " tag="690"><subfield code="a">gescheiterter Dialog; interkultureller Aspekt; moderne Literatur; alter Schlauch; chinesische Literatur; frühe Neuzeit; interdisziplinäre Praxis; interkultureller Dialog; interkulturelle Kompetenz; interkulturelle Philosophie; interkulturelle Verständigung; internationaler Aspekt; literarischer Übergang; negativer Effekt; neuer Wein; theoretische Grundlage; transkultureller Prozess; transkulturelle Studie; westliche Begrifflichkeit</subfield><subfield code="2">idssg-J</subfield></datafield><datafield ind1=" " ind2=" " tag="690"><subfield code="a">Deutschland C4EUGE; Bayern C4EUGE; Schweiz C4EXSI; Lateinamerika C0LATI; Amerika; Großbritannien C4EUUK; Bremen C4EUGE; Japan C9JAPA; Welt C00WOR</subfield><subfield code="2">idssg-J</subfield></datafield><datafield ind1=" " ind2=" " tag="690"><subfield code="a">Athanasios Moulakis; Cristina Allemann; Edouard Glissants; Franziska Ehmcke; Friedhelm Schmidt-Welle; Georg Auernheimer; Gert Kreutzer; Gisela Febel; Graham Huggan; Heinz ANTOR; Heinz Antor; Lutz Bieg; Morteza Ghasempour; Praxis Edited; transkulturell Studien Theoretische Grundlagen; With intercultural communication</subfield><subfield code="2">idssg-J</subfield></datafield><datafield ind1="1" ind2=" " tag="700"><subfield code="a">Allemann-Ghionda, Cristina</subfield><subfield code="d">1949-</subfield><subfield code="0">(DE-588)121104176</subfield></datafield><datafield ind1="1" ind2=" " tag="700"><subfield code="a">Antor, Heinz</subfield><subfield code="d">1959-....</subfield><subfield code="0">(IDREF)101034237</subfield></datafield><datafield ind1="2" ind2=" " tag="710"><subfield code="a">Universität zu Köln</subfield><subfield code="b">Zentrum für Inter- und Transkulturelle Studien</subfield><subfield code="0">(DE-588)1086587618</subfield></datafield><datafield ind1="4" ind2=" " tag="856"><subfield code="3">Inhaltsverzeichnis</subfield><subfield code="u">http://www.ub.unibas.ch/tox/HBZ/HT014693951/PDF</subfield><subfield code="q">pdf</subfield></datafield><datafield ind1=" " ind2="0" tag="830"><subfield code="a">Anglistische Forschungen</subfield><subfield code="v">362</subfield><subfield code="w">(NEBIS)000987751EBI01</subfield></datafield><datafield ind1=" " ind2=" " tag="900"><subfield code="a">REROnoselfmerge</subfield></datafield><datafield ind1=" " ind2=" " tag="900"><subfield code="a">IDSZ2zbzmon200610f</subfield><subfield code="c">IDSZ2gerb</subfield><subfield code="d">IDSZ2zbzswk200704b</subfield><subfield code="e">IDSZ2groc</subfield></datafield><datafield ind1=" " ind2=" " tag="949"><subfield code="a">http://www.ub.unibas.ch/tox/HBZ/HT014693951/PDF</subfield></datafield></record>
</metadata></record>