<record><header><identifier>oai:alma.41SLSP_UGE:991000798769705502</identifier><datestamp>2023-03-01T01:09:27Z</datestamp><setSpec>uge_bcen_RapidILL_BOOK</setSpec><setSpec>uge_aaca_RapidILL_BOOK</setSpec><setSpec>uge_abels_RapidILL_BOOK</setSpec><setSpec>uge_dbu_RapidILL_BOOK</setSpec><setSpec>uge_cmu_RapidILL_BOOK</setSpec><setSpec>uge_mail_RapidILL_BOOK</setSpec><setSpec>UNIGE_ALL</setSpec><setSpec>uge_abbat_RapidILL_BOOK</setSpec><setSpec>uge_aobs_RapidILL_BOOK</setSpec><setSpec>uge_acar_RapidILL_BOOK</setSpec></header><metadata>
<record xmlns="http://www.loc.gov/MARC21/slim" xmlns:xsi="http://www.w3.org/2001/XMLSchema-instance" xsi:schemaLocation="http://www.loc.gov/MARC21/slim http://www.loc.gov/standards/marcxml/schema/MARC21slim.xsd"><leader>02360nam a2200601 c 4500</leader><controlfield tag="001">991000798769705502</controlfield><controlfield tag="005">20201230224542.0</controlfield><controlfield tag="008">201011s2012    ru            00| | rus  </controlfield><datafield ind1=" " ind2=" " tag="020"><subfield code="a">9785867939533</subfield></datafield><datafield ind1=" " ind2=" " tag="035"><subfield code="a">(swissbib)22971403X-41slsp_network</subfield></datafield><datafield ind1=" " ind2=" " tag="035"><subfield code="a">22971403X</subfield><subfield code="9">ExL</subfield></datafield><datafield ind1=" " ind2=" " tag="035"><subfield code="a">(IDSBB)006135324DSV01</subfield></datafield><datafield ind1=" " ind2=" " tag="035"><subfield code="a">(RERO)R007085434-41slsp</subfield></datafield><datafield ind1=" " ind2=" " tag="035"><subfield code="a">(NEBIS)007183217EBI01</subfield></datafield><datafield ind1=" " ind2=" " tag="035"><subfield code="a">(EXLNZ-41SLSP_NETWORK)991071742339705501</subfield></datafield><datafield ind1=" " ind2=" " tag="040"><subfield code="a">SzZuIDS NEBIS</subfield><subfield code="b">ger</subfield><subfield code="e">rda</subfield><subfield code="d">CH-ZuSLS</subfield></datafield><datafield ind1=" " ind2="7" tag="072"><subfield code="a">ru</subfield><subfield code="2">SzZuIDS BS/BE</subfield></datafield><datafield ind1=" " ind2="7" tag="072"><subfield code="a">ru</subfield><subfield code="2">rero</subfield></datafield><datafield ind1=" " ind2=" " tag="084"><subfield code="a">EZ 500</subfield><subfield code="2">rvk</subfield></datafield><datafield ind1=" " ind2=" " tag="084"><subfield code="a">KD 5207</subfield><subfield code="2">rvk</subfield></datafield><datafield ind1=" " ind2=" " tag="084"><subfield code="a">KH 1307</subfield><subfield code="2">rvk</subfield></datafield><datafield ind1=" " ind2=" " tag="084"><subfield code="a">KI 1307</subfield><subfield code="2">rvk</subfield></datafield><datafield ind1=" " ind2=" " tag="084"><subfield code="a">KK 1307</subfield><subfield code="2">rvk</subfield></datafield><datafield ind1="1" ind2=" " tag="100"><subfield code="a">Venclova, Tomas</subfield><subfield code="d">1937-</subfield><subfield code="0">(DE-588)122777824</subfield><subfield code="e">Verfasser</subfield><subfield code="4">aut</subfield><subfield code="6">880-01</subfield></datafield><datafield ind1="1" ind2=" " tag="880"><subfield code="6">100-01</subfield><subfield code="a">Venclova, Tomas</subfield><subfield code="d">1937-....</subfield><subfield code="0">(IDREF)030011051</subfield><subfield code="4">cre</subfield></datafield><datafield ind1="1" ind2="0" tag="245"><subfield code="a">Sobesedniki na piru</subfield><subfield code="b">literaturovedčeskie raboty</subfield><subfield code="c">Tomas Venclova</subfield></datafield><datafield ind1=" " ind2="1" tag="264"><subfield code="a">Moskva</subfield><subfield code="b">Novoe literaturnoe obozrenie</subfield><subfield code="c">2012</subfield></datafield><datafield ind1=" " ind2=" " tag="300"><subfield code="a">623 Seiten</subfield></datafield><datafield ind1=" " ind2=" " tag="336"><subfield code="b">txt</subfield><subfield code="2">rdacontent</subfield></datafield><datafield ind1=" " ind2=" " tag="337"><subfield code="b">n</subfield><subfield code="2">rdamedia</subfield></datafield><datafield ind1=" " ind2=" " tag="338"><subfield code="b">nc</subfield><subfield code="2">rdacarrier</subfield></datafield><datafield ind1="1" ind2=" " tag="490"><subfield code="a">Novoe literaturnoe obozrenie. Naučnoe priloženie</subfield><subfield code="v">Vyp. 108</subfield></datafield><datafield ind1="0" ind2=" " tag="490"><subfield code="a">Naučnaja biblioteka</subfield></datafield><datafield ind1=" " ind2=" " tag="504"><subfield code="a">Includes bibliographical references (p. [603]-620).</subfield></datafield><datafield ind1=" " ind2="7" tag="650"><subfield code="a">Literatur</subfield><subfield code="0">(DE-588)4035964-5</subfield><subfield code="2">gnd</subfield></datafield><datafield ind1=" " ind2="7" tag="650"><subfield code="a">Russisch</subfield><subfield code="0">(DE-588)4051038-4</subfield><subfield code="2">gnd</subfield></datafield><datafield ind1=" " ind2="7" tag="650"><subfield code="a">Symbolismus</subfield><subfield code="0">(DE-588)4184198-0</subfield><subfield code="2">gnd</subfield></datafield><datafield ind1=" " ind2="7" tag="655"><subfield code="a">Aufsatzsammlung</subfield><subfield code="2">gnd-content</subfield></datafield><datafield ind1=" " ind2=" " tag="690"><subfield code="a">Symbolismus, russisch</subfield><subfield code="2">uzb-Z5</subfield></datafield><datafield ind1=" " ind2=" " tag="690"><subfield code="a">Ivanov, Vjačeslav I.</subfield><subfield code="2">uzb-Z5</subfield></datafield><datafield ind1=" " ind2=" " tag="690"><subfield code="a">Cvetaeva, Marina I.</subfield><subfield code="2">uzb-Z5</subfield></datafield><datafield ind1=" " ind2=" " tag="690"><subfield code="a">Brodskij, Iosif A.</subfield><subfield code="2">uzb-Z5</subfield></datafield><datafield ind1=" " ind2=" " tag="690"><subfield code="a">Pasternak, Boris L.</subfield><subfield code="2">uzb-Z5</subfield></datafield><datafield ind1=" " ind2=" " tag="690"><subfield code="a">Korvin-Piotrovskij, Vladimir L.</subfield><subfield code="2">uzb-Z5</subfield></datafield><datafield ind1=" " ind2=" " tag="690"><subfield code="a">Mickiewicz, Adam: Litauen</subfield><subfield code="2">uzb-Z5</subfield></datafield><datafield ind1=" " ind2=" " tag="690"><subfield code="a">Brodskij, Iosif A. Litovskij divertisment</subfield><subfield code="2">uzb-Z5</subfield></datafield><datafield ind1=" " ind2=" " tag="690"><subfield code="a">Pasternak, Boris L.: Mčalisʹ zvezdy</subfield><subfield code="2">uzb-Z5</subfield></datafield><datafield ind1=" " ind2=" " tag="690"><subfield code="a">Fet, Afanasij A.: Moego tot bezumstva</subfield><subfield code="2">uzb-Z5</subfield></datafield><datafield ind1=" " ind2=" " tag="690"><subfield code="a">Nekrasov, Nikolaj A.: Utrennaja progulka</subfield><subfield code="2">uzb-Z5</subfield></datafield><datafield ind1=" " ind2=" " tag="830"><subfield code="a">Novoe literaturnoe obozrenie</subfield><subfield code="p">Nauchnoe prilozhenie</subfield><subfield code="v">108</subfield><subfield code="w">(RERO)2113180-41slsp</subfield></datafield><datafield ind1=" " ind2=" " tag="830"><subfield code="a">Novoe literaturnoe obozrenie</subfield><subfield code="p">Naučnoe priloženie</subfield><subfield code="v">108</subfield><subfield code="w">(NEBIS)001440261EBI01</subfield></datafield><datafield ind1=" " ind2=" " tag="900"><subfield code="a">REROnoselfmerge</subfield></datafield><datafield ind1=" " ind2=" " tag="900"><subfield code="a">IDSZ2SLAmon201209e</subfield><subfield code="c">IDSZ2micha 120901</subfield><subfield code="d">IDSZ2SLAswk201207b</subfield><subfield code="e">IDSZ2rige</subfield></datafield><datafield ind1=" " ind2=" " tag="910"><subfield code="a">LOC</subfield><subfield code="b">20120615</subfield><subfield code="c">Droits réservés</subfield></datafield></record>
</metadata></record>