<record><header><identifier>oai:alma.41SLSP_UGE:991000799189705502</identifier><datestamp>2023-07-01T00:22:12Z</datestamp><setSpec>uge_bcen_RapidILL_BOOK</setSpec><setSpec>uge_aaca_RapidILL_BOOK</setSpec><setSpec>uge_abels_RapidILL_BOOK</setSpec><setSpec>uge_dbu_RapidILL_BOOK</setSpec><setSpec>uge_cmu_RapidILL_BOOK</setSpec><setSpec>uge_mail_RapidILL_BOOK</setSpec><setSpec>uge_abbat_RapidILL_BOOK</setSpec><setSpec>UNIGE_ALL</setSpec><setSpec>uge_acar_RapidILL_BOOK</setSpec><setSpec>uge_aobs_RapidILL_BOOK</setSpec></header><metadata>
<record xmlns="http://www.loc.gov/MARC21/slim" xmlns:xsi="http://www.w3.org/2001/XMLSchema-instance" xsi:schemaLocation="http://www.loc.gov/MARC21/slim http://www.loc.gov/standards/marcxml/schema/MARC21slim.xsd"><leader>04848nam a2200901 c 4500</leader><controlfield tag="001">991000799189705502</controlfield><controlfield tag="005">20230630115558.0</controlfield><controlfield tag="008">201011s2005    sz ||||| m||| 00| ||fre d</controlfield><datafield ind1=" " ind2=" " tag="019"><subfield code="a">Catalogage: décrit l'ex. commercial avec mention de thèse; l'ex. de thèse avec mention de collection</subfield><subfield code="5">RERO/labcud/04.2005</subfield></datafield><datafield ind1=" " ind2=" " tag="035"><subfield code="a">(swissbib)224780301-41slsp_network</subfield></datafield><datafield ind1=" " ind2=" " tag="035"><subfield code="a">224780301</subfield><subfield code="9">ExL</subfield></datafield><datafield ind1=" " ind2=" " tag="035"><subfield code="a">(RERO)R003831226-41slsp</subfield></datafield><datafield ind1=" " ind2=" " tag="035"><subfield code="a">(IDSSG)000321999HSB01</subfield></datafield><datafield ind1=" " ind2=" " tag="035"><subfield code="a">(IDSLU)000504604ILU01</subfield></datafield><datafield ind1=" " ind2=" " tag="035"><subfield code="a">(IDSBB)003611157DSV01</subfield></datafield><datafield ind1=" " ind2=" " tag="035"><subfield code="a">(EXLNZ-41SLSP_NETWORK)991022077619705501</subfield></datafield><datafield ind1=" " ind2=" " tag="040"><subfield code="a">RERO labcud</subfield><subfield code="d">CH-ZuSLS</subfield></datafield><datafield ind1=" " ind2=" " tag="044"><subfield code="a">sz</subfield><subfield code="c">ch-vd</subfield></datafield><datafield ind1=" " ind2="7" tag="072"><subfield code="a">dr</subfield><subfield code="2">rero</subfield></datafield><datafield ind1=" " ind2="7" tag="072"><subfield code="a">823</subfield><subfield code="2">IDS LU</subfield></datafield><datafield ind1=" " ind2="7" tag="072"><subfield code="a">rw</subfield><subfield code="2">SzZuIDS BS/BE</subfield></datafield><datafield ind1="1" ind2="4" tag="082"><subfield code="a">340</subfield><subfield code="2">15</subfield></datafield><datafield ind1=" " ind2=" " tag="084"><subfield code="a">CA/CH 96 h</subfield><subfield code="2">cjurrom</subfield></datafield><datafield ind1=" " ind2=" " tag="084"><subfield code="a">CA/CH-VD 96 h</subfield><subfield code="2">cjurrom</subfield></datafield><datafield ind1=" " ind2=" " tag="084"><subfield code="a">CA/CH 40.1 h</subfield><subfield code="2">cjurrom</subfield></datafield><datafield ind1=" " ind2=" " tag="084"><subfield code="a">CA/CH-VD 40.1 h</subfield><subfield code="2">cjurrom</subfield></datafield><datafield ind1="1" ind2=" " tag="100"><subfield code="a">Blanchard, Thibault</subfield><subfield code="0">(IDREF)060603607</subfield><subfield code="4">cre</subfield></datafield><datafield ind1="1" ind2="0" tag="245"><subfield code="a">&lt;&lt;Le&gt;&gt; partage du contentieux administratif entre le juge civil et le juge administratif</subfield><subfield code="b">étude de droit vaudois, historique et comparée</subfield><subfield code="c">Thibault Blanchard</subfield></datafield><datafield ind1=" " ind2="1" tag="264"><subfield code="a">Lausanne</subfield><subfield code="b">Bis et Ter</subfield><subfield code="c">2005</subfield></datafield><datafield ind1=" " ind2=" " tag="300"><subfield code="a">VIII, 475 p.</subfield><subfield code="c">23 cm</subfield></datafield><datafield ind1=" " ind2=" " tag="336"><subfield code="b">txt</subfield><subfield code="2">rdacontent</subfield></datafield><datafield ind1=" " ind2=" " tag="337"><subfield code="b">n</subfield><subfield code="2">rdamedia</subfield></datafield><datafield ind1=" " ind2=" " tag="338"><subfield code="b">nc</subfield><subfield code="2">rdacarrier</subfield></datafield><datafield ind1="1" ind2=" " tag="490"><subfield code="a">Quater</subfield><subfield code="v">vol. 10</subfield></datafield><datafield ind1=" " ind2=" " tag="502"><subfield code="a">Diss. Univ. Lausanne, 2003</subfield></datafield><datafield ind1=" " ind2=" " tag="504"><subfield code="a">Bibliographie: p. 437-462</subfield></datafield><datafield ind1=" " ind2="7" tag="650"><subfield code="a">Verwaltungs- und Verwaltungsgerichtsverfahren</subfield><subfield code="9">ger</subfield><subfield code="0">(RERO)jurivoc000025342ger</subfield><subfield code="2">jurivoc</subfield></datafield><datafield ind1=" " ind2="7" tag="650"><subfield code="a">Zivilgericht</subfield><subfield code="9">ger</subfield><subfield code="0">(RERO)jurivoc000027102ger</subfield><subfield code="2">jurivoc</subfield></datafield><datafield ind1=" " ind2="7" tag="650"><subfield code="a">Verwaltungsgericht</subfield><subfield code="9">ger</subfield><subfield code="0">(RERO)jurivoc000025354ger</subfield><subfield code="2">jurivoc</subfield></datafield><datafield ind1=" " ind2="7" tag="650"><subfield code="a">Verhältnis zwischen</subfield><subfield code="9">ger</subfield><subfield code="0">(RERO)jurivoc000024525ger</subfield><subfield code="2">jurivoc</subfield></datafield><datafield ind1=" " ind2="7" tag="650"><subfield code="a">Zuständigkeit</subfield><subfield code="9">ger</subfield><subfield code="0">(RERO)jurivoc000027423ger</subfield><subfield code="2">jurivoc</subfield></datafield><datafield ind1=" " ind2="7" tag="650"><subfield code="a">Kompetenzkonflikt</subfield><subfield code="9">ger</subfield><subfield code="0">(RERO)jurivoc000013096ger</subfield><subfield code="2">jurivoc</subfield></datafield><datafield ind1=" " ind2="7" tag="650"><subfield code="a">Rechtsgeschichte</subfield><subfield code="9">ger</subfield><subfield code="0">(RERO)jurivoc000018353ger</subfield><subfield code="2">jurivoc</subfield></datafield><datafield ind1=" " ind2="7" tag="650"><subfield code="a">kantonales Recht</subfield><subfield code="9">ger</subfield><subfield code="0">(RERO)jurivoc000012405ger</subfield><subfield code="2">jurivoc</subfield></datafield><datafield ind1=" " ind2="7" tag="650"><subfield code="a">Procédure administrative</subfield><subfield code="0">(IDREF)027479633</subfield><subfield code="2">idref</subfield></datafield><datafield ind1=" " ind2="7" tag="650"><subfield code="a">Tribunaux administratifs</subfield><subfield code="0">(IDREF)027481840</subfield><subfield code="2">idref</subfield></datafield><datafield ind1=" " ind2="7" tag="650"><subfield code="a">Tribunaux civils</subfield><subfield code="0">(IDREF)030636531</subfield><subfield code="2">idref</subfield></datafield><datafield ind1=" " ind2="7" tag="650"><subfield code="a">Verwaltungsgerichtsbarkeit</subfield><subfield code="0">(DE-588)4063337-8</subfield><subfield code="2">gnd</subfield></datafield><datafield ind1=" " ind2="7" tag="650"><subfield code="a">Zivilgerichtsbarkeit</subfield><subfield code="0">(DE-588)4190989-6</subfield><subfield code="2">gnd</subfield></datafield><datafield ind1=" " ind2="7" tag="650"><subfield code="a">Zuständigkeit</subfield><subfield code="0">(DE-588)4068155-5</subfield><subfield code="2">gnd</subfield></datafield><datafield ind1=" " ind2="7" tag="650"><subfield code="a">Verwaltungsrechtspflege</subfield><subfield code="0">(DE-588)4127124-5</subfield><subfield code="2">gnd</subfield></datafield><datafield ind1=" " ind2="7" tag="650"><subfield code="a">Verwaltungssache</subfield><subfield code="0">(DE-588)4268067-0</subfield><subfield code="2">gnd</subfield></datafield><datafield ind1=" " ind2="7" tag="650"><subfield code="a">Verwaltungsstreitverfahren</subfield><subfield code="0">(DE-588)4117368-5</subfield><subfield code="2">gnd</subfield></datafield><datafield ind1=" " ind2="7" tag="650"><subfield code="a">Zivilrichter</subfield><subfield code="0">(DE-588)4127310-2</subfield><subfield code="2">gnd</subfield></datafield><datafield ind1=" " ind2="7" tag="650"><subfield code="a">Verwaltungsrechtspflege</subfield><subfield code="x">Zivilprozess</subfield><subfield code="z">Schweiz</subfield><subfield code="2">idsbb</subfield></datafield><datafield ind1=" " ind2="7" tag="650"><subfield code="a">Zivilprozess</subfield><subfield code="x">Verwaltungsrechtspflege</subfield><subfield code="z">Schweiz</subfield><subfield code="2">idsbb</subfield></datafield><datafield ind1=" " ind2="4" tag="650"><subfield code="a">Bürgerliches Recht</subfield></datafield><datafield ind1=" " ind2="4" tag="650"><subfield code="a">Verwaltungsrecht</subfield></datafield><datafield ind1=" " ind2="7" tag="651"><subfield code="a">Schweiz</subfield><subfield code="9">ger</subfield><subfield code="0">(RERO)jurivoc000019912ger</subfield><subfield code="2">jurivoc</subfield></datafield><datafield ind1=" " ind2="7" tag="651"><subfield code="a">Waadt</subfield><subfield code="9">ger</subfield><subfield code="0">(RERO)jurivoc000025972ger</subfield><subfield code="2">jurivoc</subfield></datafield><datafield ind1=" " ind2="7" tag="651"><subfield code="a">Suisse</subfield><subfield code="0">(IDREF)027249654</subfield><subfield code="2">idref</subfield></datafield><datafield ind1=" " ind2="7" tag="651"><subfield code="a">Vaud (Suisse)</subfield><subfield code="0">(IDREF)027318494</subfield><subfield code="2">idref</subfield></datafield><datafield ind1=" " ind2="7" tag="651"><subfield code="a">Schweiz</subfield><subfield code="0">(DE-588)4053881-3</subfield><subfield code="2">gnd</subfield></datafield><datafield ind1=" " ind2="7" tag="651"><subfield code="a">Waadt</subfield><subfield code="0">(DE-588)4078982-2</subfield><subfield code="2">gnd</subfield></datafield><datafield ind1=" " ind2="4" tag="651"><subfield code="a">Schweiz</subfield></datafield><datafield ind1=" " ind2="7" tag="655"><subfield code="a">Hochschulschrift</subfield><subfield code="2">gnd-content</subfield></datafield><datafield ind1=" " ind2=" " tag="690"><subfield code="a">Bundesgesetz; Regel; Verwaltungsgericht; Behörde; Hochschule; Studienfach; Sanktion; Rechtsberufe; Lizenz; Dualität; Umfang; Verwaltungsrecht; Court; Lausanne; Geschichte; Nutzung; Streit; Fähigkeit; Einleitung; Promotion; Studium</subfield><subfield code="2">idssg-J</subfield></datafield><datafield ind1=" " ind2=" " tag="690"><subfield code="a">Zuständigkeitsregel; Verwaltungsverfahren; Zivilgericht; Inhaltkennung; Verwaltungsrichter; Verwaltungsrechtsstreitigkeit; Verwaltungsstreitigkeit; Abkürzungsverzeichnis; Administratorrichtersystem; Verwaltungsprozess</subfield><subfield code="2">idssg-J</subfield></datafield><datafield ind1=" " ind2=" " tag="690"><subfield code="a">historische These; historische Universität; spezielle Regel; allgemeines Fazit; altes Regime; ausgewählter Bereich; dritter Teil; erster Teil; gemeinsame Nutzung; helvetische Republik; historische Entwicklung; kantonale Regel; revolutionäres Erbe; vergleichende These; vergleichende Universität; vierter Teil; vorläufige Zuständigkeit; zitiertes Gesetz; zuständige Behörde</subfield><subfield code="2">idssg-J</subfield></datafield><datafield ind1=" " ind2=" " tag="690"><subfield code="a">Waadt C4EXSI; Schweiz C4EXSI; Frankreich C4EUFR; Vereinigte Staaten C1USA</subfield><subfield code="2">idssg-J</subfield></datafield><datafield ind1=" " ind2=" " tag="690"><subfield code="a">Court Litigation Verwaltung; dritt Teil Umsetzung; Gesetz Aktion Administrative; Teil Gemeinsame Nutzung; Thibault Blanchard Studium; Verwaltungsgericht Gesetz Studie Waadt; Verwaltungsrichter Law Study</subfield><subfield code="2">idssg-J</subfield></datafield><datafield ind1=" " ind2=" " tag="691"><subfield code="e">PC 96 CH</subfield><subfield code="2">rzs-L1</subfield></datafield><datafield ind1=" " ind2=" " tag="691"><subfield code="e">PC 96 CH-VD</subfield><subfield code="2">rzs-L1</subfield></datafield><datafield ind1=" " ind2=" " tag="691"><subfield code="e">PC 40.1 CH</subfield><subfield code="2">rzs-L1</subfield></datafield><datafield ind1=" " ind2=" " tag="691"><subfield code="e">PC 40.1 CH-VD</subfield><subfield code="2">rzs-L1</subfield></datafield><datafield ind1="4" ind2=" " tag="856"><subfield code="u">https://tools.unisg.ch/url/hm00123680</subfield><subfield code="z">Inhaltsverzeichnis</subfield></datafield><datafield ind1=" " ind2="0" tag="830"><subfield code="a">Collection Quater</subfield><subfield code="v">10</subfield><subfield code="w">(IDSLU)000296982ILU01</subfield></datafield><datafield ind1=" " ind2="0" tag="830"><subfield code="a">Collection Quater</subfield><subfield code="v">10</subfield><subfield code="w">(IDSSG)000268813HSB01</subfield></datafield><datafield ind1=" " ind2=" " tag="949"><subfield code="a">https://tools.unisg.ch/url/hm00123680</subfield></datafield></record>
</metadata></record>