<record><header><identifier>oai:alma.41SLSP_UGE:991000798979705502</identifier><datestamp>2023-03-01T01:09:27Z</datestamp><setSpec>uge_bcen_RapidILL_BOOK</setSpec><setSpec>uge_aaca_RapidILL_BOOK</setSpec><setSpec>uge_abels_RapidILL_BOOK</setSpec><setSpec>uge_dbu_RapidILL_BOOK</setSpec><setSpec>uge_cmu_RapidILL_BOOK</setSpec><setSpec>uge_mail_RapidILL_BOOK</setSpec><setSpec>UNIGE_ALL</setSpec><setSpec>uge_abbat_RapidILL_BOOK</setSpec><setSpec>uge_aobs_RapidILL_BOOK</setSpec><setSpec>uge_acar_RapidILL_BOOK</setSpec></header><metadata>
<record xmlns="http://www.loc.gov/MARC21/slim" xmlns:xsi="http://www.w3.org/2001/XMLSchema-instance" xsi:schemaLocation="http://www.loc.gov/MARC21/slim http://www.loc.gov/standards/marcxml/schema/MARC21slim.xsd"><leader>01060nam a2200277 c 4500</leader><controlfield tag="001">991000798979705502</controlfield><controlfield tag="005">20201231133342.0</controlfield><controlfield tag="008">201011s1917    xxu||||| |||| 00| ||eng d</controlfield><datafield ind1=" " ind2=" " tag="035"><subfield code="a">(swissbib)231070527-41slsp_network</subfield></datafield><datafield ind1=" " ind2=" " tag="035"><subfield code="a">231070527</subfield><subfield code="9">ExL</subfield></datafield><datafield ind1=" " ind2=" " tag="035"><subfield code="a">(RERO)R004738572-41slsp</subfield></datafield><datafield ind1=" " ind2=" " tag="035"><subfield code="a">(IDSBB)004281544DSV01</subfield></datafield><datafield ind1=" " ind2=" " tag="035"><subfield code="a">(EXLNZ-41SLSP_NETWORK)991133126639705501</subfield></datafield><datafield ind1=" " ind2=" " tag="040"><subfield code="a">RERO geulsa</subfield><subfield code="d">CH-ZuSLS</subfield></datafield><datafield ind1=" " ind2="7" tag="072"><subfield code="a">ha</subfield><subfield code="2">rero</subfield></datafield><datafield ind1="1" ind2=" " tag="100"><subfield code="a">Langdon, Stephen</subfield><subfield code="d">1876-1937</subfield><subfield code="0">(DE-588)121281396</subfield></datafield><datafield ind1="1" ind2="0" tag="245"><subfield code="a">Sumerian liturgical texts</subfield><subfield code="c">by Stephen Langdon</subfield></datafield><datafield ind1=" " ind2="1" tag="264"><subfield code="a">Philadelphia</subfield><subfield code="b">University Museum</subfield><subfield code="c">1917</subfield></datafield><datafield ind1=" " ind2=" " tag="300"><subfield code="a">S. 103-203</subfield><subfield code="b">62 S. Taf.</subfield><subfield code="c">27 cm</subfield></datafield><datafield ind1=" " ind2=" " tag="336"><subfield code="b">txt</subfield><subfield code="2">rdacontent</subfield></datafield><datafield ind1=" " ind2=" " tag="337"><subfield code="b">n</subfield><subfield code="2">rdamedia</subfield></datafield><datafield ind1=" " ind2=" " tag="338"><subfield code="b">nc</subfield><subfield code="2">rdacarrier</subfield></datafield><datafield ind1="1" ind2=" " tag="490"><subfield code="a">University of Pennsylvania, the Museum publ. of the Babylonian section</subfield><subfield code="v">vol. 10, no. 2</subfield></datafield><datafield ind1="1" ind2=" " tag="700"><subfield code="a">Langdon, Stephen</subfield><subfield code="d">1876-1937</subfield><subfield code="0">(IDREF)074541730</subfield></datafield><datafield ind1=" " ind2=" " tag="830"><subfield code="a">&lt;&lt;The&gt;&gt; Museum publications of the Babylonian section</subfield><subfield code="v">10/2</subfield><subfield code="w">(IDSBB)000825834DSV01</subfield></datafield><datafield ind1=" " ind2=" " tag="830"><subfield code="a">Publications of the Babylonian Section</subfield><subfield code="v">10,2</subfield><subfield code="w">(RERO)R003125514-41slsp</subfield></datafield><datafield ind1=" " ind2=" " tag="900"><subfield code="a">REROnoselfmerge</subfield></datafield></record>
</metadata></record>