<record><header><identifier>oai:alma.41SLSP_UGE:991000790269705502</identifier><datestamp>2023-07-27T00:17:05Z</datestamp><setSpec>uge_bcen_RapidILL_BOOK</setSpec><setSpec>uge_aaca_RapidILL_BOOK</setSpec><setSpec>uge_abels_RapidILL_BOOK</setSpec><setSpec>uge_dbu_RapidILL_BOOK</setSpec><setSpec>uge_cmu_RapidILL_BOOK</setSpec><setSpec>uge_mail_RapidILL_BOOK</setSpec><setSpec>uge_abbat_RapidILL_BOOK</setSpec><setSpec>UNIGE_ALL</setSpec><setSpec>uge_aobs_RapidILL_BOOK</setSpec><setSpec>uge_acar_RapidILL_BOOK</setSpec></header><metadata>
<record xmlns="http://www.loc.gov/MARC21/slim" xmlns:xsi="http://www.w3.org/2001/XMLSchema-instance" xsi:schemaLocation="http://www.loc.gov/MARC21/slim http://www.loc.gov/standards/marcxml/schema/MARC21slim.xsd"><leader>01536nam a2200361 c 4500</leader><controlfield tag="001">991000790269705502</controlfield><controlfield tag="005">20230726135748.0</controlfield><controlfield tag="008">201002t20202020fr a|||| |||||00| ||fre d</controlfield><datafield ind1=" " ind2=" " tag="020"><subfield code="a">9782735509119</subfield></datafield><datafield ind1=" " ind2=" " tag="035"><subfield code="a">(swissbib)126776962-41slsp_network</subfield></datafield><datafield ind1=" " ind2=" " tag="035"><subfield code="a">126776962</subfield><subfield code="9">ExL</subfield></datafield><datafield ind1=" " ind2=" " tag="035"><subfield code="a">(RERO)R009087114-41slsp</subfield></datafield><datafield ind1=" " ind2=" " tag="035"><subfield code="a">(EXLNZ-41SLSP_NETWORK)991043122799705501</subfield></datafield><datafield ind1=" " ind2=" " tag="040"><subfield code="a">RERO geulhg</subfield><subfield code="d">CH-ZuSLS</subfield></datafield><datafield ind1="7" ind2="4" tag="082"><subfield code="a">340</subfield><subfield code="2">23sdnb</subfield></datafield><datafield ind1="0" ind2="0" tag="245"><subfield code="a">Aux sources de la paix</subfield><subfield code="b">les archives du service français de la SDN</subfield><subfield code="c">introduction de Maurice Vaïsse ; inventaire de Monique Constant et François Cousin ; ouvrage coordonné par Isabelle Richefort</subfield></datafield><datafield ind1=" " ind2="1" tag="264"><subfield code="a">Paris</subfield><subfield code="b">Direction des Archives - Ministère de l'Europe et des Affaires étrangères</subfield><subfield code="a">Aubervilliers</subfield><subfield code="b">CTHS</subfield><subfield code="c">2020</subfield></datafield><datafield ind1=" " ind2="4" tag="264"><subfield code="c">© 2020</subfield></datafield><datafield ind1=" " ind2=" " tag="300"><subfield code="a">523 pages</subfield><subfield code="b">illustrations</subfield></datafield><datafield ind1=" " ind2=" " tag="336"><subfield code="b">txt</subfield><subfield code="2">rdacontent</subfield></datafield><datafield ind1=" " ind2=" " tag="337"><subfield code="b">n</subfield><subfield code="2">rdamedia</subfield></datafield><datafield ind1=" " ind2=" " tag="338"><subfield code="b">nc</subfield><subfield code="2">rdacarrier</subfield></datafield><datafield ind1="0" ind2=" " tag="490"><subfield code="a">Diplomatie et histoire</subfield></datafield><datafield ind1=" " ind2=" " tag="504"><subfield code="a">Orientation bibliographique: pages 515-520</subfield></datafield><datafield ind1="2" ind2="7" tag="610"><subfield code="a">Société des Nations</subfield><subfield code="g">1920-1946</subfield><subfield code="0">(IDREF)027345130</subfield><subfield code="2">idref</subfield></datafield><datafield ind1=" " ind2="7" tag="650"><subfield code="a">Archives</subfield><subfield code="0">(IDREF)027366022</subfield><subfield code="2">idref</subfield></datafield><datafield ind1=" " ind2="7" tag="651"><subfield code="a">France</subfield><subfield code="0">(IDREF)027226794</subfield><subfield code="2">idref</subfield></datafield><datafield ind1=" " ind2="7" tag="655"><subfield code="a">Inventaires</subfield><subfield code="0">(IDREF)027806413</subfield><subfield code="2">idref</subfield></datafield><datafield ind1="1" ind2=" " tag="700"><subfield code="a">Richefort, Isabelle</subfield><subfield code="d">1957-....</subfield><subfield code="0">(IDREF)030387078</subfield><subfield code="4">edt</subfield></datafield><datafield ind1="1" ind2=" " tag="700"><subfield code="a">Vaïsse, Maurice</subfield><subfield code="c">historien</subfield><subfield code="d">1942-....</subfield><subfield code="0">(IDREF)027173828</subfield><subfield code="4">aui</subfield></datafield><datafield ind1="1" ind2=" " tag="700"><subfield code="a">Constant, Monique</subfield><subfield code="d">1944-....</subfield><subfield code="0">(IDREF)109287657</subfield><subfield code="4">edt</subfield></datafield><datafield ind1="1" ind2=" " tag="700"><subfield code="a">Cousin, François</subfield><subfield code="d">1945-</subfield><subfield code="0">(IDREF)23507943X</subfield><subfield code="4">edt</subfield></datafield><datafield ind1=" " ind2=" " tag="900"><subfield code="a">REROnoselfmerge</subfield></datafield><datafield ind1=" " ind2=" " tag="903"><subfield code="a">RERO-SIGN</subfield><subfield code="5">UNIGE/20210511/jmm</subfield></datafield></record>
</metadata></record>