<record><header><identifier>oai:alma.41SLSP_UGE:991000790479705502</identifier><datestamp>2023-03-21T01:13:44Z</datestamp><setSpec>uge_bcen_RapidILL_BOOK</setSpec><setSpec>uge_aaca_RapidILL_BOOK</setSpec><setSpec>uge_abels_RapidILL_BOOK</setSpec><setSpec>uge_dbu_RapidILL_BOOK</setSpec><setSpec>uge_cmu_RapidILL_BOOK</setSpec><setSpec>uge_mail_RapidILL_BOOK</setSpec><setSpec>uge_abbat_RapidILL_BOOK</setSpec><setSpec>UNIGE_ALL</setSpec><setSpec>uge_aobs_RapidILL_BOOK</setSpec><setSpec>uge_acar_RapidILL_BOOK</setSpec></header><metadata>
<record xmlns="http://www.loc.gov/MARC21/slim" xmlns:xsi="http://www.w3.org/2001/XMLSchema-instance" xsi:schemaLocation="http://www.loc.gov/MARC21/slim http://www.loc.gov/standards/marcxml/schema/MARC21slim.xsd"><leader>02318nam a22006492c 4500</leader><controlfield tag="001">991000790479705502</controlfield><controlfield tag="005">20230320185244.0</controlfield><controlfield tag="008">201011s1970    gw ||||| |||| 00| ||ger d</controlfield><datafield ind1=" " ind2=" " tag="035"><subfield code="a">(swissbib)212477536-41slsp_network</subfield></datafield><datafield ind1=" " ind2=" " tag="035"><subfield code="a">212477536</subfield><subfield code="9">ExL</subfield></datafield><datafield ind1=" " ind2=" " tag="035"><subfield code="a">(NEBIS)008663235EBI01</subfield></datafield><datafield ind1=" " ind2=" " tag="035"><subfield code="a">(RERO)0358600-41slsp</subfield></datafield><datafield ind1=" " ind2=" " tag="035"><subfield code="a">(IDSLU)001082040ILU01</subfield></datafield><datafield ind1=" " ind2=" " tag="035"><subfield code="a">(IDSBB)001615470DSV01</subfield></datafield><datafield ind1=" " ind2=" " tag="035"><subfield code="a">(NEBIS)002568662EBI01</subfield></datafield><datafield ind1=" " ind2=" " tag="035"><subfield code="a">(EXLNZ-41SLSP_NETWORK)991072575079705501</subfield></datafield><datafield ind1=" " ind2=" " tag="040"><subfield code="a">SzZuIDS NEBIS UZH</subfield><subfield code="d">CH-ZuSLS</subfield></datafield><datafield ind1=" " ind2="7" tag="072"><subfield code="a">sp</subfield><subfield code="2">rero</subfield></datafield><datafield ind1=" " ind2="7" tag="072"><subfield code="a">012</subfield><subfield code="2">IDS LU</subfield></datafield><datafield ind1=" " ind2="7" tag="072"><subfield code="a">po</subfield><subfield code="2">SzZuIDS BS/BE</subfield></datafield><datafield ind1=" " ind2="7" tag="072"><subfield code="a">wi</subfield><subfield code="2">SzZuIDS BS/BE</subfield></datafield><datafield ind1="1" ind2="4" tag="082"><subfield code="a">320</subfield><subfield code="2">15</subfield></datafield><datafield ind1="1" ind2="4" tag="082"><subfield code="a">330</subfield><subfield code="2">15</subfield></datafield><datafield ind1=" " ind2=" " tag="084"><subfield code="a">NW 2000</subfield><subfield code="2">rvk</subfield></datafield><datafield ind1=" " ind2=" " tag="084"><subfield code="a">NW 2250</subfield><subfield code="2">rvk</subfield></datafield><datafield ind1="1" ind2=" " tag="100"><subfield code="a">Hintze, Otto</subfield><subfield code="d">1861-1940</subfield><subfield code="0">(DE-588)118551329</subfield><subfield code="6">880-01</subfield></datafield><datafield ind1="1" ind2=" " tag="880"><subfield code="a">Hintze, Otto</subfield><subfield code="0">(RERO)A003373457</subfield><subfield code="4">cre</subfield><subfield code="6">100-01</subfield></datafield><datafield ind1="1" ind2="0" tag="245"><subfield code="a">Feudalismus - Kapitalismus</subfield><subfield code="c">Otto Hintze ; hrsg. und eingeleitet von Gerhard Oestreich</subfield></datafield><datafield ind1=" " ind2="1" tag="264"><subfield code="a">Göttingen</subfield><subfield code="b">Vandenhoeck und Ruprecht</subfield><subfield code="c">[1970]</subfield></datafield><datafield ind1=" " ind2="4" tag="264"><subfield code="c">© 1970</subfield></datafield><datafield ind1=" " ind2=" " tag="300"><subfield code="a">189 p.</subfield><subfield code="c">20 cm</subfield></datafield><datafield ind1=" " ind2=" " tag="336"><subfield code="b">txt</subfield><subfield code="2">rdacontent</subfield></datafield><datafield ind1=" " ind2=" " tag="337"><subfield code="b">n</subfield><subfield code="2">rdamedia</subfield></datafield><datafield ind1=" " ind2=" " tag="338"><subfield code="b">nc</subfield><subfield code="2">rdacarrier</subfield></datafield><datafield ind1="0" ind2=" " tag="490"><subfield code="a">Kleine Vandenhoeck-Reihe</subfield><subfield code="v">313</subfield></datafield><datafield ind1=" " ind2="7" tag="650"><subfield code="a">Capitalisme</subfield><subfield code="0">(IDREF)027285332</subfield><subfield code="2">idref</subfield></datafield><datafield ind1=" " ind2="7" tag="650"><subfield code="a">Féodalité</subfield><subfield code="0">(IDREF)027359298</subfield><subfield code="2">idref</subfield></datafield><datafield ind1=" " ind2="7" tag="650"><subfield code="a">Kapitalismus</subfield><subfield code="0">(DE-588)4029577-1</subfield><subfield code="2">gnd</subfield></datafield><datafield ind1=" " ind2="7" tag="650"><subfield code="a">Feudomycinone</subfield><subfield code="0">(DE-588)4392919-9</subfield><subfield code="2">gnd</subfield></datafield><datafield ind1=" " ind2="7" tag="650"><subfield code="a">Lehnswesen</subfield><subfield code="0">(DE-588)4167145-4</subfield><subfield code="2">gnd</subfield></datafield><datafield ind1=" " ind2="4" tag="650"><subfield code="a">Feudalismus</subfield></datafield><datafield ind1=" " ind2="4" tag="650"><subfield code="a">Kapitalismus</subfield></datafield><datafield ind1=" " ind2="4" tag="650"><subfield code="a">Lehnswesen</subfield></datafield><datafield ind1=" " ind2=" " tag="690"><subfield code="a">Kapitalismus</subfield><subfield code="2">uzb-UX</subfield></datafield><datafield ind1=" " ind2=" " tag="690"><subfield code="a">Sozialgeschichte</subfield><subfield code="2">uzb-UX</subfield></datafield><datafield ind1=" " ind2=" " tag="690"><subfield code="a">Kapitalismus</subfield><subfield code="2">uzb-UH</subfield></datafield><datafield ind1=" " ind2=" " tag="690"><subfield code="a">Wirtschaftsgeschichte</subfield><subfield code="2">uzb-UH</subfield></datafield><datafield ind1=" " ind2=" " tag="690"><subfield code="a">Gesellschaftsordnung</subfield><subfield code="2">uzb-UH</subfield></datafield><datafield ind1=" " ind2=" " tag="690"><subfield code="a">Feudalismus</subfield><subfield code="2">ubs-AF</subfield></datafield><datafield ind1=" " ind2=" " tag="690"><subfield code="a">Kapitalismus</subfield><subfield code="2">ubs-AF</subfield></datafield><datafield ind1="1" ind2=" " tag="700"><subfield code="a">Oestreich, Gerhard</subfield><subfield code="d">1910-1978</subfield><subfield code="0">(DE-588)118786814</subfield><subfield code="6">880-02</subfield></datafield><datafield ind1="1" ind2=" " tag="880"><subfield code="a">Oestreich, Gerhard</subfield><subfield code="0">(RERO)A003652584</subfield><subfield code="6">700-02</subfield></datafield><datafield ind1="4" ind2=" " tag="856"><subfield code="u">https://d-nb.info/456993029/04</subfield><subfield code="x">UZH-FSW</subfield><subfield code="z">Freier Zugriff/Accès libre via World Wide Web</subfield><subfield code="z">Inhaltsverzeichnis=Table des matières</subfield></datafield><datafield ind1="4" ind2=" " tag="856"><subfield code="3">Inhaltsverzeichnis</subfield><subfield code="u">https://www.ub.unibas.ch/tox/IDSLUZ/001082040/PDF</subfield><subfield code="q">pdf</subfield></datafield><datafield ind1=" " ind2=" " tag="900"><subfield code="f">IDSU2medea</subfield></datafield><datafield ind1=" " ind2=" " tag="900"><subfield code="a">REROnoselfmerge</subfield></datafield><datafield ind1=" " ind2=" " tag="900"><subfield code="a">IDSERMedeaSOZARCH</subfield></datafield><datafield ind1=" " ind2=" " tag="949"><subfield code="a">https://www.ub.unibas.ch/tox/IDSLUZ/001082040/PDF</subfield></datafield></record>
</metadata></record>