<record><header><identifier>oai:alma.41SLSP_UGE:991000790059705502</identifier><datestamp>2024-11-06T01:08:48Z</datestamp><setSpec>uge_bcen_RapidILL_BOOK</setSpec><setSpec>uge_aaca_RapidILL_BOOK</setSpec><setSpec>uge_abels_RapidILL_BOOK</setSpec><setSpec>uge_dbu_RapidILL_BOOK</setSpec><setSpec>uge_cmu_RapidILL_BOOK</setSpec><setSpec>uge_mail_RapidILL_BOOK</setSpec><setSpec>uge_abbat_RapidILL_BOOK</setSpec><setSpec>UNIGE_ALL</setSpec><setSpec>uge_acar_RapidILL_BOOK</setSpec><setSpec>uge_aobs_RapidILL_BOOK</setSpec></header><metadata>
<record xmlns="http://www.loc.gov/MARC21/slim" xmlns:xsi="http://www.w3.org/2001/XMLSchema-instance" xsi:schemaLocation="http://www.loc.gov/MARC21/slim http://www.loc.gov/standards/marcxml/schema/MARC21slim.xsd"><leader>03683nam a2200745 c 4500</leader><controlfield tag="001">991000790059705502</controlfield><controlfield tag="005">20241105190753.0</controlfield><controlfield tag="008">201011s2015    gw a          001 | ger| </controlfield><datafield ind1=" " ind2=" " tag="015"><subfield code="a">14,N50</subfield><subfield code="2">dnb</subfield></datafield><datafield ind1=" " ind2=" " tag="015"><subfield code="a">15,A14</subfield><subfield code="z">14,N50</subfield><subfield code="2">dnb</subfield></datafield><datafield ind1="7" ind2=" " tag="016"><subfield code="a">1062993292</subfield><subfield code="2">DE-101</subfield></datafield><datafield ind1=" " ind2=" " tag="020"><subfield code="a">3446247351</subfield><subfield code="q">gebunden</subfield></datafield><datafield ind1=" " ind2=" " tag="020"><subfield code="a">9783446247352</subfield><subfield code="q">gebunden</subfield><subfield code="c">EUR 26.00</subfield></datafield><datafield ind1=" " ind2=" " tag="035"><subfield code="a">(swissbib)215081838-41slsp_network</subfield></datafield><datafield ind1=" " ind2=" " tag="035"><subfield code="a">215081838</subfield><subfield code="9">ExL</subfield></datafield><datafield ind1=" " ind2=" " tag="035"><subfield code="a">(NEBIS)010433637EBI01</subfield></datafield><datafield ind1=" " ind2=" " tag="035"><subfield code="a">(IDSBB)006374059DSV01</subfield></datafield><datafield ind1=" " ind2=" " tag="035"><subfield code="a">(IDSLU)001219148ILU01</subfield></datafield><datafield ind1=" " ind2=" " tag="035"><subfield code="a">(RERO)R008107044-41slsp</subfield></datafield><datafield ind1=" " ind2=" " tag="035"><subfield code="a">(OCoLC)898077881</subfield></datafield><datafield ind1=" " ind2=" " tag="035"><subfield code="a">(ALEX)bv9925822384401791</subfield></datafield><datafield ind1=" " ind2=" " tag="035"><subfield code="a">(EXLNZ-41SLSP_NETWORK)991126477609705501</subfield></datafield><datafield ind1=" " ind2=" " tag="040"><subfield code="a">GWDNB</subfield><subfield code="b">ger</subfield><subfield code="e">rda</subfield><subfield code="d">CH-ZuSLS</subfield></datafield><datafield ind1="0" ind2="4" tag="050"><subfield code="a">DD287.3</subfield><subfield code="b">.D4248 2015</subfield></datafield><datafield ind1=" " ind2="7" tag="072"><subfield code="a">630</subfield><subfield code="2">IDS LU</subfield></datafield><datafield ind1=" " ind2="7" tag="072"><subfield code="a">ht</subfield><subfield code="2">rero</subfield></datafield><datafield ind1="0" ind2="4" tag="082"><subfield code="a">943</subfield></datafield><datafield ind1="0" ind2="4" tag="082"><subfield code="a">943.10875</subfield><subfield code="2">22</subfield></datafield><datafield ind1=" " ind2=" " tag="084"><subfield code="a">NQ 6970</subfield><subfield code="2">rvk</subfield></datafield><datafield ind1=" " ind2=" " tag="084"><subfield code="a">NQ 7010</subfield><subfield code="2">rvk</subfield></datafield><datafield ind1="1" ind2=" " tag="100"><subfield code="6">880-02</subfield><subfield code="a">Decker, Gunnar</subfield><subfield code="d">1965-</subfield><subfield code="4">aut</subfield><subfield code="0">(DE-588)115462686</subfield></datafield><datafield ind1="1" ind2=" " tag="880"><subfield code="6">100-02/(B</subfield><subfield code="a">Decker, Gunnar</subfield><subfield code="d">1965-....</subfield><subfield code="0">(IDREF)06409913X</subfield><subfield code="4">cre</subfield></datafield><datafield ind1="1" ind2="0" tag="245"><subfield code="a">1965 - der kurze Sommer der DDR</subfield><subfield code="c">Gunnar Decker</subfield></datafield><datafield ind1="1" ind2="3" tag="246"><subfield code="a">Neunzehnhundertfünfundsechzig - der kurze Sommer der DDR</subfield></datafield><datafield ind1="1" ind2="3" tag="246"><subfield code="a">1965</subfield><subfield code="b">der kurze Sommer der DDR</subfield></datafield><datafield ind1="1" ind2="3" tag="246"><subfield code="a">&lt;&lt;Der&gt;&gt; kurze Sommer der DDR</subfield></datafield><datafield ind1=" " ind2="1" tag="264"><subfield code="a">München</subfield><subfield code="b">Carl Hanser Verlag</subfield><subfield code="c">2015</subfield></datafield><datafield ind1=" " ind2=" " tag="300"><subfield code="a">493 Seiten</subfield><subfield code="b">Illustrationen</subfield><subfield code="c">22 cm</subfield></datafield><datafield ind1=" " ind2=" " tag="336"><subfield code="b">txt</subfield><subfield code="2">rdacontent</subfield></datafield><datafield ind1=" " ind2=" " tag="337"><subfield code="b">n</subfield><subfield code="2">rdamedia</subfield></datafield><datafield ind1=" " ind2=" " tag="338"><subfield code="b">nc</subfield><subfield code="2">rdacarrier</subfield></datafield><datafield ind1=" " ind2=" " tag="504"><subfield code="a">Literaturverzeichnis Seiten [475]-480</subfield></datafield><datafield ind1=" " ind2=" " tag="520"><subfield code="a">Es war ein kurzer Sommer. Mitte der Sechzigerjahre versuchte die DDR, sich aus der Umklammerung durch die Sowjetunion zu befreien und ihren Künstlern und Intellektuellen größere Freiräume zuzugestehen. Doch schon bald setzten sich die Hardliner durch, die letzten unabhängigen Köpfe verabschiedeten sich von der SED. Für Gunnar Decker setzt damals jene innere Erosion ein, die 1989 zum Zusammenbruch des deutschen Sozialismus führte. Sein Buch spiegelt Aufstieg und Niedergang der DDR in den Schicksalen bekannter und unbekannter Schriftsteller, Theaterleute und Filmemacher. Decker, 1965 in der DDR geboren, erzählt ein Kapitel deutscher Kulturgeschichte, das mit dem Fall der Mauer noch lange nicht zu Ende ist.--Verlagstext</subfield></datafield><datafield ind1=" " ind2="7" tag="651"><subfield code="a">Deutschland</subfield><subfield code="g">DDR</subfield><subfield code="2">gnd</subfield><subfield code="0">(DE-588)4011890-3</subfield></datafield><datafield ind1=" " ind2="7" tag="650"><subfield code="a">Sozialismus</subfield><subfield code="2">gnd</subfield><subfield code="0">(DE-588)4055785-6</subfield></datafield><datafield ind1=" " ind2="7" tag="650"><subfield code="a">Intellektueller</subfield><subfield code="2">gnd</subfield><subfield code="0">(DE-588)4027249-7</subfield></datafield><datafield ind1=" " ind2="7" tag="650"><subfield code="a">Künstler</subfield><subfield code="2">gnd</subfield><subfield code="0">(DE-588)4033423-5</subfield></datafield><datafield ind1=" " ind2="7" tag="650"><subfield code="a">Kulturpolitik</subfield><subfield code="2">gnd</subfield><subfield code="0">(DE-588)4033581-1</subfield></datafield><datafield ind1=" " ind2="7" tag="650"><subfield code="a">Kulturwandel</subfield><subfield code="0">(DE-588)4033596-3</subfield><subfield code="2">gnd</subfield></datafield><datafield ind1=" " ind2="7" tag="650"><subfield code="a">Sozialer Wandel</subfield><subfield code="0">(DE-588)4077587-2</subfield><subfield code="2">gnd</subfield></datafield><datafield ind1=" " ind2="7" tag="650"><subfield code="a">Scheitern</subfield><subfield code="0">(DE-588)4299802-5</subfield><subfield code="2">gnd</subfield></datafield><datafield ind1=" " ind2="7" tag="648"><subfield code="a">Geschichte 1965</subfield><subfield code="2">gnd</subfield></datafield><datafield ind1=" " ind2="7" tag="650"><subfield code="a">Démocratie populaire</subfield><subfield code="0">(IDREF)050547461</subfield><subfield code="2">idref</subfield></datafield><datafield ind1=" " ind2="7" tag="650"><subfield code="a">Changement social</subfield><subfield code="0">(IDREF)027285626</subfield><subfield code="2">idref</subfield></datafield><datafield ind1=" " ind2="7" tag="650"><subfield code="a">Politique et gouvernement</subfield><subfield code="0">(IDREF)027728110</subfield><subfield code="2">idref</subfield></datafield><datafield ind1=" " ind2="7" tag="650"><subfield code="a">Années 1960</subfield><subfield code="0">(IDREF)03470499X</subfield><subfield code="2">idref</subfield></datafield><datafield ind1=" " ind2="7" tag="650"><subfield code="a">1965</subfield><subfield code="2">rero</subfield></datafield><datafield ind1=" " ind2="7" tag="651"><subfield code="a">Allemagne (République démocratique)</subfield><subfield code="0">(IDREF)027223736</subfield><subfield code="2">idref</subfield></datafield><datafield ind1="4" ind2=" " tag="856"><subfield code="3">Titelblatt und Inhaltsverzeichnis</subfield><subfield code="u">https://toc.library.ethz.ch/objects/pdf03/e19_978-3-446-24735-2_01.pdf</subfield><subfield code="q">pdf</subfield></datafield><datafield ind1="4" ind2=" " tag="856"><subfield code="u">https://deposit.dnb.de/cgi-bin/dokserv?id=5029088&amp;prov=M&amp;dok_var=1&amp;dok_ext=htm</subfield><subfield code="z">Inhaltstext</subfield></datafield><datafield ind1=" " ind2=" " tag="900"><subfield code="a">IDSZ2mugmon201511l</subfield><subfield code="c">IDSZ2morg</subfield></datafield><datafield ind1=" " ind2=" " tag="900"><subfield code="a">IDSDSStoppsignal FRED</subfield></datafield><datafield ind1=" " ind2=" " tag="900"><subfield code="a">REROnoselfmerge</subfield></datafield><datafield ind1=" " ind2=" " tag="910"><subfield code="a">GyFmDB</subfield><subfield code="b">20150326</subfield><subfield code="c">Droits réservés</subfield></datafield><datafield ind1=" " ind2=" " tag="949"><subfield code="a">https://toc.library.ethz.ch/objects/pdf03/e19_978-3-446-24735-2_01.pdf</subfield></datafield><datafield ind1=" " ind2=" " tag="949"><subfield code="a">https://deposit.dnb.de/cgi-bin/dokserv?id=5029088&amp;prov=M&amp;dok_var=1&amp;dok_ext=htm</subfield></datafield></record>
</metadata></record>