<record><header><identifier>oai:alma.41SLSP_UGE:991000790799705502</identifier><datestamp>2024-09-26T00:07:30Z</datestamp><setSpec>uge_bcen_RapidILL_BOOK</setSpec><setSpec>uge_aaca_RapidILL_BOOK</setSpec><setSpec>uge_abels_RapidILL_BOOK</setSpec><setSpec>uge_dbu_RapidILL_BOOK</setSpec><setSpec>uge_cmu_RapidILL_BOOK</setSpec><setSpec>uge_mail_RapidILL_BOOK</setSpec><setSpec>uge_abbat_RapidILL_BOOK</setSpec><setSpec>UNIGE_ALL</setSpec><setSpec>uge_aobs_RapidILL_BOOK</setSpec><setSpec>uge_acar_RapidILL_BOOK</setSpec></header><metadata>
<record xmlns="http://www.loc.gov/MARC21/slim" xmlns:xsi="http://www.w3.org/2001/XMLSchema-instance" xsi:schemaLocation="http://www.loc.gov/MARC21/slim http://www.loc.gov/standards/marcxml/schema/MARC21slim.xsd"><leader>01035nam a2200301 c 4500</leader><controlfield tag="001">991000790799705502</controlfield><controlfield tag="005">20210206202605.0</controlfield><controlfield tag="008">961030s1962    xxu||||| |||| 00| ||eng d</controlfield><datafield ind1=" " ind2=" " tag="035"><subfield code="a">(swissbib)091835488-41slsp_network</subfield></datafield><datafield ind1=" " ind2=" " tag="035"><subfield code="a">091835488</subfield><subfield code="9">ExL</subfield></datafield><datafield ind1=" " ind2=" " tag="035"><subfield code="a">(RERO)2278100-41slsp</subfield></datafield><datafield ind1=" " ind2=" " tag="035"><subfield code="a">(EXLNZ-41SLSP_NETWORK)991026819979705501</subfield></datafield><datafield ind1=" " ind2=" " tag="040"><subfield code="a">RERO geulcj</subfield><subfield code="d">CH-ZuSLS</subfield></datafield><datafield ind1="1" ind2=" " tag="041"><subfield code="a">eng</subfield><subfield code="h">chi</subfield></datafield><datafield ind1=" " ind2="7" tag="072"><subfield code="a">or</subfield><subfield code="2">rero</subfield></datafield><datafield ind1="0" ind2="0" tag="245"><subfield code="a">Huai-nan Tzu, book eleven</subfield><subfield code="b">behavior, culture and the cosmos</subfield><subfield code="c">[transl.] by Benjamin E. Wallacker</subfield></datafield><datafield ind1=" " ind2="1" tag="264"><subfield code="a">New Haven Conn.</subfield><subfield code="b">American Oriental Society</subfield><subfield code="c">1962</subfield></datafield><datafield ind1=" " ind2=" " tag="300"><subfield code="a">88 p.</subfield><subfield code="c">26 cm</subfield></datafield><datafield ind1=" " ind2=" " tag="336"><subfield code="b">txt</subfield><subfield code="2">rdacontent</subfield></datafield><datafield ind1=" " ind2=" " tag="337"><subfield code="b">n</subfield><subfield code="2">rdamedia</subfield></datafield><datafield ind1=" " ind2=" " tag="338"><subfield code="b">nc</subfield><subfield code="2">rdacarrier</subfield></datafield><datafield ind1="1" ind2=" " tag="490"><subfield code="a">American oriental series</subfield><subfield code="v">vol. 48</subfield></datafield><datafield ind1=" " ind2=" " tag="500"><subfield code="a">Texte attribué à Liu An</subfield></datafield><datafield ind1=" " ind2=" " tag="500"><subfield code="a">Trad. du chapitre 11</subfield></datafield><datafield ind1="1" ind2=" " tag="700"><subfield code="a">Liu, An</subfield><subfield code="d">0...-0122 av. J.-C.</subfield><subfield code="0">(IDREF)074127187</subfield></datafield><datafield ind1="1" ind2=" " tag="700"><subfield code="a">Wallacker, Benjamin E.</subfield><subfield code="0">(IDREF)124890377</subfield></datafield><datafield ind1="0" ind2=" " tag="730"><subfield code="a">Huainanzi</subfield><subfield code="l">Anglais</subfield><subfield code="k">Extraits</subfield></datafield><datafield ind1=" " ind2="0" tag="830"><subfield code="a">American Oriental Series</subfield><subfield code="v">48</subfield><subfield code="w">(RERO)0022357-41slsp</subfield></datafield><datafield ind1=" " ind2=" " tag="900"><subfield code="a">REROnoselfmerge</subfield></datafield></record>
</metadata></record>