<record><header><identifier>oai:alma.41SLSP_UGE:991000790569705502</identifier><datestamp>2023-03-01T01:09:29Z</datestamp><setSpec>uge_bcen_RapidILL_BOOK</setSpec><setSpec>uge_aaca_RapidILL_BOOK</setSpec><setSpec>uge_abels_RapidILL_BOOK</setSpec><setSpec>uge_dbu_RapidILL_BOOK</setSpec><setSpec>uge_cmu_RapidILL_BOOK</setSpec><setSpec>uge_mail_RapidILL_BOOK</setSpec><setSpec>UNIGE_ALL</setSpec><setSpec>uge_abbat_RapidILL_BOOK</setSpec><setSpec>uge_aobs_RapidILL_BOOK</setSpec><setSpec>uge_acar_RapidILL_BOOK</setSpec></header><metadata>
<record xmlns="http://www.loc.gov/MARC21/slim" xmlns:xsi="http://www.w3.org/2001/XMLSchema-instance" xsi:schemaLocation="http://www.loc.gov/MARC21/slim http://www.loc.gov/standards/marcxml/schema/MARC21slim.xsd"><leader>01222nam a2200409 c 4500</leader><controlfield tag="001">991000790569705502</controlfield><controlfield tag="005">20211125204053.0</controlfield><controlfield tag="008">201011s1967    xxk||||| |||| 00| ||eng d</controlfield><datafield ind1=" " ind2=" " tag="035"><subfield code="a">(swissbib)226115445-41slsp_network</subfield></datafield><datafield ind1=" " ind2=" " tag="035"><subfield code="a">226115445</subfield><subfield code="9">ExL</subfield></datafield><datafield ind1=" " ind2=" " tag="035"><subfield code="a">(RERO)R240351560-41slsp</subfield></datafield><datafield ind1=" " ind2=" " tag="035"><subfield code="a">(NEBIS)003199150EBI01</subfield></datafield><datafield ind1=" " ind2=" " tag="035"><subfield code="a">(EXLNZ-41SLSP_NETWORK)991125108879705501</subfield></datafield><datafield ind1=" " ind2=" " tag="040"><subfield code="a">RERO gevbpu</subfield><subfield code="d">CH-ZuSLS</subfield></datafield><datafield ind1=" " ind2="7" tag="072"><subfield code="a">th</subfield><subfield code="2">rero</subfield></datafield><datafield ind1="0" ind2="0" tag="082"><subfield code="a">232.9/5</subfield><subfield code="2">19</subfield></datafield><datafield ind1="0" ind2="0" tag="082"><subfield code="a">232.9/01</subfield></datafield><datafield ind1="0" ind2="4" tag="082"><subfield code="a">232.9 5</subfield><subfield code="2">19</subfield></datafield><datafield ind1="0" ind2="4" tag="082"><subfield code="a">226.96</subfield></datafield><datafield ind1="0" ind2="4" tag="082"><subfield code="a">232.95 UKW</subfield></datafield><datafield ind1="0" ind2="4" tag="082"><subfield code="a">232.9 UKP</subfield></datafield><datafield ind1="1" ind2=" " tag="100"><subfield code="a">Jeremias, Joachim</subfield><subfield code="d">1900-1979</subfield><subfield code="0">(IDREF)026937980</subfield><subfield code="4">cre</subfield></datafield><datafield ind1="1" ind2="0" tag="245"><subfield code="a">&lt;&lt;The&gt;&gt; prayers of Jesus</subfield><subfield code="c">Joachim Jeremias</subfield></datafield><datafield ind1=" " ind2="1" tag="264"><subfield code="a">London</subfield><subfield code="b">SCM Press</subfield><subfield code="c">1967</subfield></datafield><datafield ind1=" " ind2=" " tag="300"><subfield code="a">124 p.</subfield><subfield code="c">22 cm</subfield></datafield><datafield ind1=" " ind2=" " tag="336"><subfield code="b">txt</subfield><subfield code="2">rdacontent</subfield></datafield><datafield ind1=" " ind2=" " tag="337"><subfield code="b">n</subfield><subfield code="2">rdamedia</subfield></datafield><datafield ind1=" " ind2=" " tag="338"><subfield code="b">nc</subfield><subfield code="2">rdacarrier</subfield></datafield><datafield ind1="1" ind2=" " tag="490"><subfield code="a">Studies in biblical theology. Second Series</subfield><subfield code="v">6</subfield></datafield><datafield ind1="0" ind2="0" tag="600"><subfield code="a">Jesus Christ</subfield></datafield><datafield ind1="0" ind2="0" tag="600"><subfield code="a">Jesus Christ</subfield><subfield code="v">Prayers</subfield></datafield><datafield ind1="0" ind2="0" tag="600"><subfield code="a">Jesus Christ</subfield><subfield code="x">Prayers</subfield></datafield><datafield ind1="1" ind2="0" tag="600"><subfield code="a">Jesus Christ</subfield><subfield code="x">Prayers</subfield></datafield><datafield ind1="0" ind2="0" tag="630"><subfield code="a">Lord's prayer</subfield></datafield><datafield ind1=" " ind2="0" tag="650"><subfield code="a">Jesus Christ</subfield><subfield code="x">Prayers</subfield></datafield><datafield ind1=" " ind2=" " tag="830"><subfield code="a">Studies in biblical theology</subfield><subfield code="n">Series 2</subfield><subfield code="v">6</subfield><subfield code="w">(RERO)0758358-41slsp</subfield></datafield><datafield ind1=" " ind2=" " tag="900"><subfield code="a">REROnoselfmerge</subfield></datafield><datafield ind1=" " ind2=" " tag="900"><subfield code="a">IDSZRMedeaZBZ</subfield><subfield code="b">IDSZRSWK</subfield></datafield></record>
</metadata></record>