<record><header><identifier>oai:alma.41SLSP_UGE:991000790879705502</identifier><datestamp>2024-04-11T00:14:01Z</datestamp><setSpec>uge_bcen_RapidILL_BOOK</setSpec><setSpec>uge_aaca_RapidILL_BOOK</setSpec><setSpec>uge_abels_RapidILL_BOOK</setSpec><setSpec>uge_dbu_RapidILL_BOOK</setSpec><setSpec>uge_cmu_RapidILL_BOOK</setSpec><setSpec>uge_mail_RapidILL_BOOK</setSpec><setSpec>uge_abbat_RapidILL_BOOK</setSpec><setSpec>UNIGE_ALL</setSpec><setSpec>uge_acar_RapidILL_BOOK</setSpec><setSpec>uge_aobs_RapidILL_BOOK</setSpec></header><metadata>
<record xmlns="http://www.loc.gov/MARC21/slim" xmlns:xsi="http://www.w3.org/2001/XMLSchema-instance" xsi:schemaLocation="http://www.loc.gov/MARC21/slim http://www.loc.gov/standards/marcxml/schema/MARC21slim.xsd"><leader>07206nam a2200901 c 4500</leader><controlfield tag="001">991000790879705502</controlfield><controlfield tag="005">20240410143648.0</controlfield><controlfield tag="008">201011s2017    sz |||||      00| ||ger d</controlfield><datafield ind1=" " ind2=" " tag="020"><subfield code="z">9783725576371</subfield><subfield code="q">PrintPlu§</subfield></datafield><datafield ind1=" " ind2=" " tag="020"><subfield code="a">9783725573851</subfield><subfield code="q">Print</subfield><subfield code="c">CHF 59.00</subfield></datafield><datafield ind1=" " ind2=" " tag="035"><subfield code="a">(swissbib)215141504-41slsp_network</subfield></datafield><datafield ind1=" " ind2=" " tag="035"><subfield code="a">215141504</subfield><subfield code="9">ExL</subfield></datafield><datafield ind1=" " ind2=" " tag="035"><subfield code="a">(NEBIS)010824102EBI01</subfield></datafield><datafield ind1=" " ind2=" " tag="035"><subfield code="a">(IDSBB)006649077DSV01</subfield></datafield><datafield ind1=" " ind2=" " tag="035"><subfield code="a">(IDSSG)000911673HSB01</subfield></datafield><datafield ind1=" " ind2=" " tag="035"><subfield code="a">(IDSLU)001277391ILU01</subfield></datafield><datafield ind1=" " ind2=" " tag="035"><subfield code="a">(RERO)R008552942-41slsp</subfield></datafield><datafield ind1=" " ind2=" " tag="035"><subfield code="a">(ABN)000806559ABN01</subfield></datafield><datafield ind1=" " ind2=" " tag="035"><subfield code="a">(ALEX)bv9925896901501791</subfield></datafield><datafield ind1=" " ind2=" " tag="035"><subfield code="a">(EXLNZ-41SLSP_NETWORK)991157819309705501</subfield></datafield><datafield ind1=" " ind2=" " tag="040"><subfield code="a">SzZuIDS BS/BE</subfield><subfield code="b">ger</subfield><subfield code="e">rda</subfield><subfield code="d">CH-ZuSLS</subfield></datafield><datafield ind1="0" ind2=" " tag="041"><subfield code="a">ger</subfield></datafield><datafield ind1=" " ind2=" " tag="044"><subfield code="a">sz</subfield><subfield code="c">ch-zh</subfield></datafield><datafield ind1=" " ind2="7" tag="072"><subfield code="a">rw</subfield><subfield code="2">SzZuIDS BS/BE</subfield></datafield><datafield ind1=" " ind2="7" tag="072"><subfield code="a">801</subfield><subfield code="2">IDS LU</subfield></datafield><datafield ind1=" " ind2="7" tag="072"><subfield code="a">807</subfield><subfield code="2">IDS LU</subfield></datafield><datafield ind1=" " ind2="7" tag="072"><subfield code="a">821</subfield><subfield code="2">IDS LU</subfield></datafield><datafield ind1=" " ind2="7" tag="072"><subfield code="a">dr</subfield><subfield code="2">rero</subfield></datafield><datafield ind1="1" ind2="4" tag="082"><subfield code="a">320</subfield><subfield code="2">15</subfield></datafield><datafield ind1="1" ind2="4" tag="082"><subfield code="a">340</subfield><subfield code="2">15</subfield></datafield><datafield ind1=" " ind2=" " tag="084"><subfield code="a">340</subfield><subfield code="2">sdnb</subfield></datafield><datafield ind1=" " ind2=" " tag="084"><subfield code="a">CA/CH 34 g</subfield><subfield code="2">cjurrom</subfield></datafield><datafield ind1=" " ind2=" " tag="084"><subfield code="a">CA/CH 40 g</subfield><subfield code="2">cjurrom</subfield></datafield><datafield ind1="1" ind2=" " tag="100"><subfield code="a">Belser, Eva Maria</subfield><subfield code="d">1970-</subfield><subfield code="6">880-01</subfield><subfield code="0">(DE-588)122503015</subfield><subfield code="4">aut</subfield></datafield><datafield ind1="1" ind2=" " tag="880"><subfield code="6">100-01</subfield><subfield code="a">Belser, Eva Maria</subfield><subfield code="d">1970-....</subfield><subfield code="0">(IDREF)137267959</subfield><subfield code="4">aut</subfield></datafield><datafield ind1="1" ind2="0" tag="245"><subfield code="a">Staatsorganisationsrecht</subfield><subfield code="c">Eva Maria Belser, Bernhard Waldmann, René Wiederkehr</subfield></datafield><datafield ind1=" " ind2="1" tag="264"><subfield code="a">Zürich</subfield><subfield code="b">Schulthess</subfield><subfield code="c">2017</subfield></datafield><datafield ind1=" " ind2=" " tag="300"><subfield code="a">XXXII, 419 Seiten</subfield></datafield><datafield ind1=" " ind2=" " tag="336"><subfield code="b">txt</subfield><subfield code="2">rdacontent</subfield></datafield><datafield ind1=" " ind2=" " tag="337"><subfield code="b">n</subfield><subfield code="2">rdamedia</subfield></datafield><datafield ind1=" " ind2=" " tag="338"><subfield code="b">nc</subfield><subfield code="2">rdacarrier</subfield></datafield><datafield ind1="0" ind2=" " tag="490"><subfield code="a">litera B</subfield></datafield><datafield ind1=" " ind2=" " tag="500"><subfield code="a">Wurde ursprünglich als Band 3 von &quot;Grundrechte&quot; (2012) angekündigt.</subfield></datafield><datafield ind1=" " ind2="7" tag="650"><subfield code="a">LEHRBÜCHER (DOKUMENTENTYP)</subfield><subfield code="9">ger</subfield><subfield code="0">(ETHUDK)000000099</subfield><subfield code="2">ethudk</subfield></datafield><datafield ind1=" " ind2="7" tag="650"><subfield code="a">SCHWEIZ (MITTELEUROPA). SCHWEIZERISCHE EIDGENOSSENSCHAFT</subfield><subfield code="9">ger</subfield><subfield code="0">(ETHUDK)000004571</subfield><subfield code="2">ethudk</subfield></datafield><datafield ind1=" " ind2="7" tag="650"><subfield code="a">STAATSRECHT + VERFASSUNGSRECHT</subfield><subfield code="9">ger</subfield><subfield code="0">(ETHUDK)000050461</subfield><subfield code="2">ethudk</subfield></datafield><datafield ind1=" " ind2="7" tag="650"><subfield code="a">Staatsorganisationsrecht</subfield><subfield code="0">(DE-588)4116585-8</subfield><subfield code="2">gnd</subfield></datafield><datafield ind1=" " ind2="7" tag="650"><subfield code="a">État</subfield><subfield code="0">(IDREF)027297942</subfield><subfield code="2">idref</subfield></datafield><datafield ind1=" " ind2="7" tag="650"><subfield code="a">Organisation</subfield><subfield code="0">(IDREF)027478904</subfield><subfield code="2">idref</subfield></datafield><datafield ind1=" " ind2="7" tag="650"><subfield code="a">Administration publique</subfield><subfield code="0">(IDREF)02721835X</subfield><subfield code="2">idref</subfield></datafield><datafield ind1=" " ind2="7" tag="650"><subfield code="a">Gouvernement fédéral</subfield><subfield code="0">(IDREF)027267806</subfield><subfield code="2">idref</subfield></datafield><datafield ind1=" " ind2="7" tag="650"><subfield code="a">Droit constitutionnel</subfield><subfield code="0">(IDREF)02726095X</subfield><subfield code="2">idref</subfield></datafield><datafield ind1=" " ind2="7" tag="650"><subfield code="a">Staatsorganisation und Verwaltung</subfield><subfield code="9">ger</subfield><subfield code="0">(RERO)jurivoc000021182ger</subfield><subfield code="2">jurivoc</subfield></datafield><datafield ind1=" " ind2="7" tag="650"><subfield code="a">Rechtsstaat</subfield><subfield code="9">ger</subfield><subfield code="0">(RERO)jurivoc000018461ger</subfield><subfield code="2">jurivoc</subfield></datafield><datafield ind1=" " ind2="7" tag="650"><subfield code="a">Demokratie</subfield><subfield code="9">ger</subfield><subfield code="0">(RERO)jurivoc000005432ger</subfield><subfield code="2">jurivoc</subfield></datafield><datafield ind1=" " ind2="7" tag="650"><subfield code="a">Rechtssetzung</subfield><subfield code="9">ger</subfield><subfield code="0">(RERO)jurivoc000018456ger</subfield><subfield code="2">jurivoc</subfield></datafield><datafield ind1=" " ind2="7" tag="651"><subfield code="a">Schweiz</subfield><subfield code="0">(DE-588)4053881-3</subfield><subfield code="2">gnd</subfield></datafield><datafield ind1=" " ind2="7" tag="651"><subfield code="a">Suisse</subfield><subfield code="0">(IDREF)027249654</subfield><subfield code="2">idref</subfield></datafield><datafield ind1=" " ind2="7" tag="651"><subfield code="a">Schweiz</subfield><subfield code="9">ger</subfield><subfield code="0">(RERO)jurivoc000019912ger</subfield><subfield code="2">jurivoc</subfield></datafield><datafield ind1=" " ind2="7" tag="655"><subfield code="a">Lehrbuch</subfield><subfield code="2">gnd-content</subfield></datafield><datafield ind1=" " ind2="7" tag="655"><subfield code="a">Manuels d'enseignement supérieur</subfield><subfield code="0">(IDREF)03020934X</subfield><subfield code="2">idref</subfield></datafield><datafield ind1=" " ind2="7" tag="655"><subfield code="a">Lehrmittel</subfield><subfield code="9">ger</subfield><subfield code="2">jurivoc</subfield><subfield code="0">(RERO)jurivoc000014108ger</subfield></datafield><datafield ind1=" " ind2="7" tag="655"><subfield code="a">Grundlagenwerk</subfield><subfield code="9">ger</subfield><subfield code="2">jurivoc</subfield><subfield code="0">(RERO)jurivoc000010408ger</subfield></datafield><datafield ind1=" " ind2=" " tag="690"><subfield code="a">Gesetzgebungsverfahren; Bundesgesetz; Staatsangehörigkeit; Grundrecht; Verfassung; Völkerrecht; Prinzip; Demokratie; Rechtsprechung; Übersicht; Bundesstaat; Publikation; Vertiefung; Verzeichnis; Landesrecht; Bundesversammlung; Bundesbehörde; Organisation; Rechtsordnung; Bundesrecht; Bundesverwaltung; Bundesrat; Rangordnung; Bundesgericht; Führung; Abgrenzung; Staatsverfassung; Revision; Rechtsstaat; Gewaltenteilung; Initiierung; Stellung; Auslegung; Beschwerde; Rechtsschutz; Autonomie; Risiko; Solidarität; Kompetenz; Aufbau; Delegation; Schranke; Einleitung; Klage; Lehre; Verhandlungen; Zentralstaat; Zusammenwirkung; politische Willensbildung; Instrument; Kriterium; Steuertarif; Stimmrecht; Urteil; Vorbehalt; Finanzierung</subfield><subfield code="2">idssg-J</subfield></datafield><datafield ind1=" " ind2=" " tag="690"><subfield code="a">Literaturhinweis; Inhaltsübersicht; Vertiefungsfrage; Rechtsetzung; Inhaltsverzeichnis; Verfassungsgebung; Einführungsfall; Behördenorganisation; Kompetenzordnung; Staatsorganisationsrecht; Teilrevision; Totalrevision; Verantwortlichkeitsprinzip; Öffentlichkeitsprinzip; Dreielementelehre; Rechtsweggarantie; Verfassungsfunktion; Verfassungsordnung; Verordnungsgebung; Auslegungsmethode; Frauenstimmrecht; Gewaltenteilungsprinzip; Leitprinzip; Staatsfinanzierung; Strukturprinzip; Verfassungsbestimmung; Zugangsbeschränkung; Beschwerdeschrift; Normenhierarchie; Organisationsautonomie; Rechtswirkung; Stimmvolk; Verfassungsbeschwerde; Anfechtungsobjekt; Gesetzesentwurf; Staatsvolk; Verfassungsentwurf; Beschwerdefrist; Bundesebene; Bundesgerichtsbarkeit; Demokratiebegriff; Direktorialsystem; Eintretensvoraussetzung; Lernziel; Mischform; Normengefüge; Organisationshoheit; Proporzwahl; Reformpaket; Sachregister; Sachurteilsvoraussetzung; Schlussabstimmung; Staatszweck; Standesinitiative; Standesreferendum; Streitgegenstand; Stufenbau; Ständerat; Ständerätin; Teilgehalt; Verfassungsinhalt; Volksherrschaft</subfield><subfield code="2">idssg-J</subfield></datafield><datafield ind1=" " ind2=" " tag="690"><subfield code="a">europäisches Umfeld; geschriebenes Verfassungsrecht; originäre Verfassungsgebung; weitere Behörde; wichtige Bestimmung; andere Regierungsform; aufgabenbezogene Zusammenarbeit; bereichsspezifische Zuweisung; bereichsübergreifendes Prinzip; besondere Behörde; besondere Methode; degressiver Steuertarif; derivative Verfassungsgebung; direkte Demokratie; eidgenössisches Gericht; faktische Durchführbarkeit; formelle Schranke; funktionales Kriterium; gegenseitiges Verhältnis; halbdirekte Demokratie; indirekte Demokratie; interkantonale Zusammenarbeit; internationales Umfeld; kantonale Behörde; kantonale Behördenorganisation; kantonale Ebene; materielles Leitprinzip; materielle Schranke; parlamentarisches System; parlamentarisches Verfahren; persönliche Voraussetzung; politische Partei; präsidiales System; rechtliche Stellung; rechtsetzende Bestimmung; rechtspositivistischer Ansatz; rechtsstaatliches Element; rechtsstaatliches Handeln; richterliche Behörde; sachgebietsspezifische Zugangsbeschränkung; schweizerischer Bundesstaat; schweizerische Eidgenossenschaft; schweizerisches Stimmvolk; subsidiäre Verfassungsbeschwerde; ungeschriebenes Verfassungsrecht; völkerrechtliches Element; völkerrechtlicher Vertrag; völkerrechtskonforme Auslegung; weiterer Akteur; weitere Schranke; weitere Voraussetzung; zeitliche Schranke; öffentliche Abgabe; öffentliche Finanzen; öffentlichrechtliche Angelegenheit</subfield><subfield code="2">idssg-J</subfield></datafield><datafield ind1=" " ind2=" " tag="690"><subfield code="a">Schweiz C4EXSI; China C9CHIN</subfield><subfield code="2">idssg-J</subfield></datafield><datafield ind1=" " ind2=" " tag="690"><subfield code="a">Bernhard Waldmann Rene Wiederkehr Schulthess; Staatsorganisationsrecht Staatsorganisationsrecht Eva Maria</subfield><subfield code="2">idssg-J</subfield></datafield><datafield ind1=" " ind2=" " tag="691"><subfield code="e">PC 34 CH</subfield><subfield code="2">rzs-L1</subfield></datafield><datafield ind1="1" ind2=" " tag="700"><subfield code="a">Waldmann, Bernhard</subfield><subfield code="d">1968-</subfield><subfield code="6">880-02</subfield><subfield code="0">(DE-588)1073272400</subfield><subfield code="4">aut</subfield></datafield><datafield ind1="1" ind2=" " tag="880"><subfield code="6">700-02</subfield><subfield code="a">Waldmann, Bernhard</subfield><subfield code="d">1968-....</subfield><subfield code="0">(IDREF)257668667</subfield><subfield code="4">aut</subfield></datafield><datafield ind1="1" ind2=" " tag="700"><subfield code="a">Wiederkehr, René</subfield><subfield code="d">1965-</subfield><subfield code="6">880-03</subfield><subfield code="0">(DE-588)132339307</subfield><subfield code="4">aut</subfield></datafield><datafield ind1="1" ind2=" " tag="880"><subfield code="6">700-03</subfield><subfield code="a">Wiederkehr, René</subfield><subfield code="d">1965-....</subfield><subfield code="0">(IDREF)150821298</subfield></datafield><datafield ind1="4" ind2=" " tag="856"><subfield code="3">Titelblatt und Inhaltsverzeichnis</subfield><subfield code="u">https://toc.library.ethz.ch/objects/pdf03/z01_978-3-7255-7385-1_01.pdf</subfield><subfield code="q">pdf</subfield></datafield><datafield ind1=" " ind2=" " tag="900"><subfield code="a">IDSZ2zbzmon201702l</subfield><subfield code="c">IDSZ2stih</subfield><subfield code="d">IDSZ2zbzswk201702g</subfield><subfield code="e">IDSZ2bruu</subfield></datafield><datafield ind1=" " ind2=" " tag="900"><subfield code="a">IDSZ1ZH</subfield></datafield><datafield ind1=" " ind2=" " tag="900"><subfield code="a">IDSZ2rwimon201702f</subfield><subfield code="c">IDSZ2irell 170208</subfield><subfield code="d">IDSZ2rwiswk201702b</subfield><subfield code="e">IDSZ2meim</subfield></datafield><datafield ind1=" " ind2=" " tag="900"><subfield code="a">Stoppsignal FRED</subfield></datafield><datafield ind1=" " ind2=" " tag="949"><subfield code="a">https://toc.library.ethz.ch/objects/pdf03/z01_978-3-7255-7385-1_01.pdf</subfield></datafield></record>
</metadata></record>