<record><header><identifier>oai:alma.41SLSP_UGE:991000790779705502</identifier><datestamp>2024-03-09T01:25:28Z</datestamp><setSpec>uge_bcen_RapidILL_BOOK</setSpec><setSpec>uge_aaca_RapidILL_BOOK</setSpec><setSpec>uge_abels_RapidILL_BOOK</setSpec><setSpec>uge_dbu_RapidILL_BOOK</setSpec><setSpec>uge_cmu_RapidILL_BOOK</setSpec><setSpec>uge_mail_RapidILL_BOOK</setSpec><setSpec>uge_abbat_RapidILL_BOOK</setSpec><setSpec>UNIGE_ALL</setSpec><setSpec>uge_acar_RapidILL_BOOK</setSpec><setSpec>uge_aobs_RapidILL_BOOK</setSpec></header><metadata>
<record xmlns="http://www.loc.gov/MARC21/slim" xmlns:xsi="http://www.w3.org/2001/XMLSchema-instance" xsi:schemaLocation="http://www.loc.gov/MARC21/slim http://www.loc.gov/standards/marcxml/schema/MARC21slim.xsd"><leader>02874nam a2200733 c 4500</leader><controlfield tag="001">991000790779705502</controlfield><controlfield tag="005">20240308224637.0</controlfield><controlfield tag="008">201011s1991    sz ||||| |||| 00| ||ger d</controlfield><datafield ind1=" " ind2=" " tag="035"><subfield code="a">(swissbib)222744863-41slsp_network</subfield></datafield><datafield ind1=" " ind2=" " tag="035"><subfield code="a">222744863</subfield><subfield code="9">ExL</subfield></datafield><datafield ind1=" " ind2=" " tag="035"><subfield code="a">(RERO)1514093-41slsp</subfield></datafield><datafield ind1=" " ind2=" " tag="035"><subfield code="a">(IDSBB)000790082DSV01</subfield></datafield><datafield ind1=" " ind2=" " tag="035"><subfield code="a">(NEBIS)007767462EBI01</subfield></datafield><datafield ind1=" " ind2=" " tag="035"><subfield code="a">(IDSLU)000119711ILU01</subfield></datafield><datafield ind1=" " ind2=" " tag="035"><subfield code="a">(ABN)000016013ABN01</subfield></datafield><datafield ind1=" " ind2=" " tag="035"><subfield code="a">(EXLNZ-41SLSP_NETWORK)991013531799705501</subfield></datafield><datafield ind1=" " ind2=" " tag="040"><subfield code="a">RERO frbcuc</subfield><subfield code="d">CH-ZuSLS</subfield></datafield><datafield ind1="0" ind2=" " tag="041"><subfield code="a">ger</subfield><subfield code="a">fre</subfield></datafield><datafield ind1=" " ind2=" " tag="044"><subfield code="a">sz</subfield><subfield code="a">gw</subfield></datafield><datafield ind1=" " ind2="7" tag="072"><subfield code="a">td</subfield><subfield code="2">rero</subfield></datafield><datafield ind1=" " ind2="7" tag="072"><subfield code="a">mu</subfield><subfield code="2">rero</subfield></datafield><datafield ind1=" " ind2="7" tag="072"><subfield code="a">mu</subfield><subfield code="2">SzZuIDS BS/BE</subfield></datafield><datafield ind1=" " ind2="7" tag="072"><subfield code="a">490</subfield><subfield code="2">IDS LU</subfield></datafield><datafield ind1="1" ind2="4" tag="082"><subfield code="a">780</subfield><subfield code="2">15</subfield></datafield><datafield ind1="7" ind2="4" tag="082"><subfield code="a">780</subfield><subfield code="2">23sdnb</subfield></datafield><datafield ind1=" " ind2=" " tag="084"><subfield code="a">LP 40428</subfield><subfield code="2">rvk</subfield></datafield><datafield ind1=" " ind2=" " tag="084"><subfield code="a">AP 78822</subfield><subfield code="2">rvk</subfield></datafield><datafield ind1="0" ind2="0" tag="245"><subfield code="a">Mozarts Opernfiguren</subfield><subfield code="b">grosse Herren, rasende Weiber - gefährliche Liebschaften</subfield><subfield code="c">Dieter Borchmeyer (Hrsg.)</subfield></datafield><datafield ind1=" " ind2="1" tag="264"><subfield code="a">Bern</subfield><subfield code="a">Stuttgart [etc.]</subfield><subfield code="b">P. Haupt</subfield><subfield code="c">1991</subfield></datafield><datafield ind1=" " ind2=" " tag="300"><subfield code="a">XIV, 270 Seiten</subfield><subfield code="c">23 cm</subfield></datafield><datafield ind1=" " ind2=" " tag="336"><subfield code="b">txt</subfield><subfield code="2">rdacontent</subfield></datafield><datafield ind1=" " ind2=" " tag="337"><subfield code="b">n</subfield><subfield code="2">rdamedia</subfield></datafield><datafield ind1=" " ind2=" " tag="338"><subfield code="b">nc</subfield><subfield code="2">rdacarrier</subfield></datafield><datafield ind1="1" ind2=" " tag="490"><subfield code="a">Facetten deutscher Literatur</subfield><subfield code="v">Bd. 3</subfield></datafield><datafield ind1="1" ind2=" " tag="490"><subfield code="a">Schweizer Theaterjahrbuch</subfield><subfield code="v">52</subfield></datafield><datafield ind1=" " ind2=" " tag="504"><subfield code="a">Auswahlbibliogr. zu Mozarts Opernfiguren S. 247-268</subfield></datafield><datafield ind1="1" ind2="7" tag="600"><subfield code="a">Mozart, Wolfgang Amadeus</subfield><subfield code="d">1756-1791</subfield><subfield code="0">(IDREF)028266358</subfield><subfield code="2">idref</subfield></datafield><datafield ind1="1" ind2="7" tag="600"><subfield code="a">Mozart, Wolfgang Amadeus</subfield><subfield code="x">Oper</subfield><subfield code="2">idsbb</subfield></datafield><datafield ind1="1" ind2="7" tag="600"><subfield code="a">Mozart, Wolfgang Amadeus</subfield><subfield code="d">1756-1791</subfield><subfield code="0">(DE-588)118584596</subfield><subfield code="2">gnd</subfield></datafield><datafield ind1="1" ind2="0" tag="600"><subfield code="a">Mozart, Wolfgang Amadeus</subfield><subfield code="d">1756-1791</subfield><subfield code="t">Operas</subfield></datafield><datafield ind1=" " ind2="7" tag="650"><subfield code="a">Opéras</subfield><subfield code="0">(IDREF)027797317</subfield><subfield code="2">idref</subfield></datafield><datafield ind1=" " ind2="7" tag="650"><subfield code="a">Personnages</subfield><subfield code="0">(IDREF)028667301</subfield><subfield code="2">idref</subfield></datafield><datafield ind1=" " ind2="7" tag="650"><subfield code="a">Operngestalt</subfield><subfield code="0">(DE-588)4172624-8</subfield><subfield code="2">gnd</subfield></datafield><datafield ind1=" " ind2="7" tag="655"><subfield code="a">Actes de congrès</subfield><subfield code="0">(IDREF)02886431X</subfield><subfield code="2">idref</subfield></datafield><datafield ind1=" " ind2="7" tag="655"><subfield code="a">Aufsatzsammlung</subfield><subfield code="2">gnd-content</subfield></datafield><datafield ind1=" " ind2=" " tag="690"><subfield code="a">Mozart, Wolfgang Amadeus</subfield><subfield code="2">uzb-UG</subfield></datafield><datafield ind1=" " ind2=" " tag="690"><subfield code="a">Musik</subfield><subfield code="2">uzb-UG</subfield></datafield><datafield ind1=" " ind2=" " tag="690"><subfield code="a">Oper</subfield><subfield code="2">uzb-UG</subfield></datafield><datafield ind1=" " ind2=" " tag="690"><subfield code="a">Theater</subfield><subfield code="2">uzb-UG</subfield></datafield><datafield ind1=" " ind2=" " tag="690"><subfield code="a">Jahrbuch</subfield><subfield code="2">uzb-UG</subfield></datafield><datafield ind1=" " ind2=" " tag="690"><subfield code="a">Mozart, Wolfgang Amadeus (1756-1791)</subfield><subfield code="2">uzb-UV</subfield></datafield><datafield ind1=" " ind2=" " tag="690"><subfield code="a">Oper</subfield><subfield code="2">uzb-UV</subfield></datafield><datafield ind1=" " ind2=" " tag="690"><subfield code="a">18. Jh.</subfield><subfield code="2">uzb-UV</subfield></datafield><datafield ind1=" " ind2=" " tag="690"><subfield code="a">Österreich</subfield><subfield code="2">uzb-UV</subfield></datafield><datafield ind1=" " ind2=" " tag="690"><subfield code="a">Mozart, Wolfgang Amadeus, B: Werke: Opernfiguren</subfield><subfield code="2">rzs-L1</subfield></datafield><datafield ind1=" " ind2=" " tag="690"><subfield code="a">Oper, B: Mozart, Wolfgang Amadeus: Opernfiguren</subfield><subfield code="2">rzs-L1</subfield></datafield><datafield ind1="1" ind2=" " tag="700"><subfield code="6">880-02</subfield><subfield code="a">Borchmeyer, Dieter</subfield><subfield code="d">1941-</subfield><subfield code="0">(DE-588)120479907</subfield></datafield><datafield ind1="1" ind2=" " tag="880"><subfield code="6">700-02</subfield><subfield code="a">Borchmeyer, Dieter</subfield><subfield code="d">1941-....</subfield><subfield code="0">(IDREF)028502515</subfield><subfield code="4">edt</subfield></datafield><datafield ind1=" " ind2="0" tag="830"><subfield code="a">Schweizer Theaterjahrbuch der Schweizerischen Gesellschaft für Theaterkultur</subfield><subfield code="v">52</subfield><subfield code="w">(IDSBB)000024908DSV01</subfield></datafield><datafield ind1=" " ind2="0" tag="830"><subfield code="a">Schweizer Theaterjahrbuch</subfield><subfield code="v">52</subfield><subfield code="w">(RERO)0064188-41slsp</subfield></datafield><datafield ind1=" " ind2="0" tag="830"><subfield code="a">Facetten deutscher Literatur</subfield><subfield code="v">3</subfield><subfield code="w">(IDSBB)000565373DSV01</subfield></datafield><datafield ind1=" " ind2="0" tag="830"><subfield code="a">Facetten deutscher Literatur</subfield><subfield code="p">St. Galler Studien</subfield><subfield code="v">3</subfield><subfield code="w">(NEBIS)000976707EBI01</subfield></datafield><datafield ind1=" " ind2="0" tag="830"><subfield code="a">Schweizer Theater-Jahrbuch</subfield><subfield code="v">52</subfield><subfield code="w">(NEBIS)001502059EBI01</subfield></datafield><datafield ind1=" " ind2="0" tag="830"><subfield code="a">Schweizer Theaterjahrbuch</subfield><subfield code="v">52</subfield><subfield code="w">(IDSLU)000135397ILU01</subfield></datafield><datafield ind1=" " ind2=" " tag="900"><subfield code="a">REROnoselfmerge</subfield></datafield></record>
</metadata></record>