<record><header><identifier>oai:alma.41SLSP_UGE:991000790359705502</identifier><datestamp>2024-04-13T00:25:40Z</datestamp><setSpec>uge_bcen_RapidILL_BOOK</setSpec><setSpec>uge_aaca_RapidILL_BOOK</setSpec><setSpec>uge_abels_RapidILL_BOOK</setSpec><setSpec>uge_dbu_RapidILL_BOOK</setSpec><setSpec>uge_cmu_RapidILL_BOOK</setSpec><setSpec>uge_mail_RapidILL_BOOK</setSpec><setSpec>uge_abbat_RapidILL_BOOK</setSpec><setSpec>UNIGE_ALL</setSpec><setSpec>uge_acar_RapidILL_BOOK</setSpec><setSpec>uge_aobs_RapidILL_BOOK</setSpec></header><metadata>
<record xmlns="http://www.loc.gov/MARC21/slim" xmlns:xsi="http://www.w3.org/2001/XMLSchema-instance" xsi:schemaLocation="http://www.loc.gov/MARC21/slim http://www.loc.gov/standards/marcxml/schema/MARC21slim.xsd"><leader>02415nam a2200661 c 4500</leader><controlfield tag="001">991000790359705502</controlfield><controlfield tag="005">20230228192613.0</controlfield><controlfield tag="008">201012s1990    xxu||||| |||| 00| ||eng d</controlfield><datafield ind1=" " ind2=" " tag="019"><subfield code="a">Henderson, Joseph Lewis (1903-) ; Oakes, Maud (1903-1990) / Scherb, 1990.11.21</subfield></datafield><datafield ind1=" " ind2=" " tag="020"><subfield code="a">0691020647</subfield></datafield><datafield ind1=" " ind2=" " tag="035"><subfield code="a">(swissbib)234902183-41slsp_network</subfield></datafield><datafield ind1=" " ind2=" " tag="035"><subfield code="a">234902183</subfield><subfield code="9">ExL</subfield></datafield><datafield ind1=" " ind2=" " tag="035"><subfield code="a">(RERO)1515955-41slsp</subfield></datafield><datafield ind1=" " ind2=" " tag="035"><subfield code="a">(NEBIS)001122229EBI01</subfield></datafield><datafield ind1=" " ind2=" " tag="035"><subfield code="a">(IDSBB)000732006DSV01</subfield></datafield><datafield ind1=" " ind2=" " tag="035"><subfield code="a">(EXLNZ-41SLSP_NETWORK)991037025519705501</subfield></datafield><datafield ind1=" " ind2=" " tag="040"><subfield code="a">RERO geuth-</subfield><subfield code="d">CH-ZuSLS</subfield></datafield><datafield ind1=" " ind2="7" tag="072"><subfield code="a">th</subfield><subfield code="2">rero</subfield></datafield><datafield ind1=" " ind2="7" tag="072"><subfield code="a">vk</subfield><subfield code="2">SzZuIDS BS/BE</subfield></datafield><datafield ind1=" " ind2="7" tag="072"><subfield code="a">ps</subfield><subfield code="2">SzZuIDS BS/BE</subfield></datafield><datafield ind1="0" ind2="0" tag="082"><subfield code="a">291.2/3</subfield><subfield code="2">20</subfield></datafield><datafield ind1="1" ind2="4" tag="082"><subfield code="a">150</subfield><subfield code="2">15</subfield></datafield><datafield ind1="1" ind2="4" tag="082"><subfield code="a">390</subfield><subfield code="2">15</subfield></datafield><datafield ind1="1" ind2="4" tag="082"><subfield code="a">291.2</subfield></datafield><datafield ind1=" " ind2=" " tag="084"><subfield code="a">CB 5100</subfield><subfield code="2">rvk</subfield></datafield><datafield ind1="1" ind2=" " tag="100"><subfield code="6">880-01</subfield><subfield code="a">Henderson, Joseph Lewis</subfield><subfield code="d">1903-2007</subfield><subfield code="0">(IDREF)070947805</subfield><subfield code="4">cre</subfield></datafield><datafield ind1="1" ind2=" " tag="880"><subfield code="a">Henderson, Joseph L.</subfield><subfield code="d">1903-2007</subfield><subfield code="0">(DE-588)1046878719</subfield><subfield code="6">100-01</subfield></datafield><datafield ind1="1" ind2="0" tag="245"><subfield code="a">&lt;&lt;The&gt;&gt; wisdom of the serpent</subfield><subfield code="b">the myths of death, rebirth, and resurrection</subfield><subfield code="c">by Joseph L. Henderson and Maud Oakes</subfield></datafield><datafield ind1=" " ind2=" " tag="250"><subfield code="a">[Reprint, 1st paperback printing]</subfield></datafield><datafield ind1=" " ind2="1" tag="264"><subfield code="a">Princeton NJ</subfield><subfield code="b">Princeton Univ. Press</subfield><subfield code="c">[1990]</subfield></datafield><datafield ind1=" " ind2="4" tag="264"><subfield code="c">© 1990</subfield></datafield><datafield ind1=" " ind2=" " tag="300"><subfield code="a">XX, 262 p.</subfield><subfield code="b">ill.</subfield><subfield code="c">22 cm</subfield></datafield><datafield ind1=" " ind2=" " tag="336"><subfield code="b">txt</subfield><subfield code="2">rdacontent</subfield></datafield><datafield ind1=" " ind2=" " tag="337"><subfield code="b">n</subfield><subfield code="2">rdamedia</subfield></datafield><datafield ind1=" " ind2=" " tag="338"><subfield code="b">nc</subfield><subfield code="2">rdacarrier</subfield></datafield><datafield ind1="0" ind2=" " tag="490"><subfield code="a">Mythos</subfield></datafield><datafield ind1=" " ind2=" " tag="500"><subfield code="a">Nachdr. der Ausg.: New York : G. Braziller, 1963</subfield></datafield><datafield ind1=" " ind2=" " tag="500"><subfield code="a">Auch ersch. in: Patterns of myth series</subfield></datafield><datafield ind1=" " ind2="7" tag="650"><subfield code="a">Mort</subfield><subfield code="0">(IDREF)027239861</subfield><subfield code="2">idref</subfield></datafield><datafield ind1=" " ind2="7" tag="650"><subfield code="a">Mythe</subfield><subfield code="0">(IDREF)027240452</subfield><subfield code="2">idref</subfield></datafield><datafield ind1=" " ind2="7" tag="650"><subfield code="a">Naissance</subfield><subfield code="0">(IDREF)027579832</subfield><subfield code="2">idref</subfield></datafield><datafield ind1=" " ind2="7" tag="650"><subfield code="a">Résurrection</subfield><subfield code="0">(IDREF)027462250</subfield><subfield code="2">idref</subfield></datafield><datafield ind1=" " ind2="7" tag="650"><subfield code="a">Auferstehung</subfield><subfield code="2">idszbz</subfield></datafield><datafield ind1=" " ind2="7" tag="650"><subfield code="a">Mythologie</subfield><subfield code="2">idszbz</subfield></datafield><datafield ind1=" " ind2="7" tag="650"><subfield code="a">Tod</subfield><subfield code="2">idszbz</subfield></datafield><datafield ind1=" " ind2="7" tag="650"><subfield code="a">Wiedergeburt</subfield><subfield code="2">idszbz</subfield></datafield><datafield ind1=" " ind2="7" tag="650"><subfield code="a">Seelenwanderung</subfield><subfield code="0">(DE-588)4077308-5</subfield><subfield code="2">gnd</subfield></datafield><datafield ind1=" " ind2="0" tag="650"><subfield code="a">Death</subfield><subfield code="x">Mythology</subfield></datafield><datafield ind1=" " ind2="0" tag="650"><subfield code="a">Death</subfield><subfield code="x">Religious aspects</subfield><subfield code="v">Comparative studies</subfield></datafield><datafield ind1=" " ind2="0" tag="650"><subfield code="a">Regeneration (Theology)</subfield><subfield code="v">Comparative studies</subfield></datafield><datafield ind1=" " ind2="0" tag="650"><subfield code="a">Regeneration (Theology)</subfield><subfield code="x">Comparative studies</subfield></datafield><datafield ind1=" " ind2="0" tag="650"><subfield code="a">Resurrection</subfield><subfield code="v">Comparative studies</subfield></datafield><datafield ind1=" " ind2="0" tag="650"><subfield code="a">Resurrection</subfield><subfield code="x">Comparative studies</subfield></datafield><datafield ind1=" " ind2="7" tag="650"><subfield code="a">Tod</subfield><subfield code="x">Motiv</subfield><subfield code="x">Mythen</subfield><subfield code="2">idsbb</subfield></datafield><datafield ind1=" " ind2="7" tag="650"><subfield code="a">Mythen</subfield><subfield code="x">Motiv</subfield><subfield code="x">Tod</subfield><subfield code="2">idsbb</subfield></datafield><datafield ind1=" " ind2="7" tag="650"><subfield code="a">Mythen</subfield><subfield code="x">Motiv</subfield><subfield code="x">Reinkarnation</subfield><subfield code="2">idsbb</subfield></datafield><datafield ind1=" " ind2="7" tag="650"><subfield code="a">Reinkarnation</subfield><subfield code="x">Motiv</subfield><subfield code="x">Mythen</subfield><subfield code="2">idsbb</subfield></datafield><datafield ind1="1" ind2=" " tag="700"><subfield code="a">Oakes, Maud</subfield><subfield code="c">anthropologue</subfield><subfield code="d">1903-....</subfield><subfield code="0">(IDREF)067043429</subfield></datafield><datafield ind1=" " ind2=" " tag="900"><subfield code="a">REROnoselfmerge</subfield></datafield></record>
</metadata></record><record><header status="deleted"><identifier>oai:alma.41SLSP_UGE:991000790159705502</identifier><datestamp>2023-10-18T02:33:38Z</datestamp><setSpec>uge_bcen_RapidILL_BOOK</setSpec><setSpec>uge_aaca_RapidILL_BOOK</setSpec><setSpec>uge_abels_RapidILL_BOOK</setSpec><setSpec>uge_dbu_RapidILL_BOOK</setSpec><setSpec>uge_cmu_RapidILL_BOOK</setSpec><setSpec>uge_mail_RapidILL_BOOK</setSpec><setSpec>UNIGE_ALL</setSpec><setSpec>uge_abbat_RapidILL_BOOK</setSpec><setSpec>uge_aobs_RapidILL_BOOK</setSpec><setSpec>uge_acar_RapidILL_BOOK</setSpec></header></record>