<record><header><identifier>oai:alma.41SLSP_UGE:991000790089705502</identifier><datestamp>2023-05-23T00:14:11Z</datestamp><setSpec>uge_bcen_RapidILL_BOOK</setSpec><setSpec>uge_aaca_RapidILL_BOOK</setSpec><setSpec>uge_abels_RapidILL_BOOK</setSpec><setSpec>uge_dbu_RapidILL_BOOK</setSpec><setSpec>uge_cmu_RapidILL_BOOK</setSpec><setSpec>uge_mail_RapidILL_BOOK</setSpec><setSpec>uge_abbat_RapidILL_BOOK</setSpec><setSpec>UNIGE_ALL</setSpec><setSpec>uge_acar_RapidILL_BOOK</setSpec><setSpec>uge_aobs_RapidILL_BOOK</setSpec></header><metadata>
<record xmlns="http://www.loc.gov/MARC21/slim" xmlns:xsi="http://www.w3.org/2001/XMLSchema-instance" xsi:schemaLocation="http://www.loc.gov/MARC21/slim http://www.loc.gov/standards/marcxml/schema/MARC21slim.xsd"><leader>01806nam a2200493 c 4500</leader><controlfield tag="001">991000790089705502</controlfield><controlfield tag="005">20230516185024.0</controlfield><controlfield tag="008">201011t20202020ne  |  | |||| 000 0 eng|d</controlfield><datafield ind1=" " ind2=" " tag="015"><subfield code="a">30457243</subfield><subfield code="2">bccb</subfield></datafield><datafield ind1=" " ind2=" " tag="020"><subfield code="a">9004438335</subfield></datafield><datafield ind1=" " ind2=" " tag="020"><subfield code="a">9004438343</subfield></datafield><datafield ind1=" " ind2=" " tag="020"><subfield code="a">9789004438330</subfield><subfield code="q">paperback</subfield></datafield><datafield ind1=" " ind2=" " tag="035"><subfield code="a">(swissbib)228214785-41slsp_network</subfield></datafield><datafield ind1=" " ind2=" " tag="035"><subfield code="a">228214785</subfield><subfield code="9">ExL</subfield></datafield><datafield ind1=" " ind2=" " tag="035"><subfield code="a">(IDSBB)007212368DSV01</subfield></datafield><datafield ind1=" " ind2=" " tag="035"><subfield code="a">(RERO)R009043958-41slsp</subfield></datafield><datafield ind1=" " ind2=" " tag="035"><subfield code="a">(OCoLC)1180289806</subfield></datafield><datafield ind1=" " ind2=" " tag="035"><subfield code="a">(EXLNZ-41SLSP_NETWORK)991033849469705501</subfield></datafield><datafield ind1=" " ind2=" " tag="040"><subfield code="a">NLGGC</subfield><subfield code="b">ger</subfield><subfield code="e">rda</subfield><subfield code="d">CH-ZuSLS</subfield></datafield><datafield ind1=" " ind2="7" tag="072"><subfield code="a">ha</subfield><subfield code="2">rero</subfield></datafield><datafield ind1="7" ind2="4" tag="082"><subfield code="a">930</subfield><subfield code="2">23sdnb</subfield></datafield><datafield ind1=" " ind2=" " tag="084"><subfield code="a">NH 7701</subfield><subfield code="2">rvk</subfield></datafield><datafield ind1="1" ind2=" " tag="100"><subfield code="6">880-01</subfield><subfield code="a">Coles, Amanda Jo</subfield><subfield code="4">aut</subfield><subfield code="0">(DE-588)1216972702</subfield></datafield><datafield ind1="1" ind2=" " tag="880"><subfield code="6">100-01/(B</subfield><subfield code="a">Coles, Amanda Jo</subfield><subfield code="0">(IDREF)248778390</subfield><subfield code="4">aut</subfield></datafield><datafield ind1="1" ind2="0" tag="245"><subfield code="a">Roman colonies in Republic and Empire</subfield><subfield code="c">by Amanda Jo Coles</subfield></datafield><datafield ind1=" " ind2="1" tag="264"><subfield code="a">Leiden</subfield><subfield code="a">Boston</subfield><subfield code="b">Brill</subfield><subfield code="c">[2020]</subfield></datafield><datafield ind1=" " ind2="4" tag="264"><subfield code="c">© 2020</subfield></datafield><datafield ind1=" " ind2=" " tag="300"><subfield code="a">119 Seiten</subfield></datafield><datafield ind1=" " ind2=" " tag="336"><subfield code="b">txt</subfield><subfield code="2">rdacontent</subfield></datafield><datafield ind1=" " ind2=" " tag="337"><subfield code="b">n</subfield><subfield code="2">rdamedia</subfield></datafield><datafield ind1=" " ind2=" " tag="338"><subfield code="b">nc</subfield><subfield code="2">rdacarrier</subfield></datafield><datafield ind1="0" ind2=" " tag="490"><subfield code="a">Brill research perspectives</subfield></datafield><datafield ind1=" " ind2=" " tag="500"><subfield code="a">ISSN van de serie: ISSN 2542-5366</subfield></datafield><datafield ind1=" " ind2=" " tag="504"><subfield code="a">Met index, literatuuropgave</subfield></datafield><datafield ind1=" " ind2="7" tag="650"><subfield code="a">Romeinse Rijk</subfield><subfield code="2">btr</subfield></datafield><datafield ind1=" " ind2="7" tag="651"><subfield code="a">Rome</subfield><subfield code="0">(IDREF)027243001</subfield><subfield code="2">idref</subfield></datafield><datafield ind1=" " ind2="7" tag="650"><subfield code="a">Colonisation</subfield><subfield code="0">(IDREF)027588823</subfield><subfield code="2">idref</subfield></datafield><datafield ind1=" " ind2="7" tag="650"><subfield code="a">Colonies romaines</subfield><subfield code="0">(IDREF)03082401X</subfield><subfield code="2">idref</subfield></datafield><datafield ind1=" " ind2="7" tag="651"><subfield code="a">Römisches Reich</subfield><subfield code="2">gnd</subfield><subfield code="0">(DE-588)4076778-4</subfield></datafield><datafield ind1=" " ind2="7" tag="650"><subfield code="a">Kolonie</subfield><subfield code="2">gnd</subfield><subfield code="0">(DE-588)4031790-0</subfield></datafield><datafield ind1=" " ind2="7" tag="651"><subfield code="a">Rome</subfield><subfield code="y">509-30 av. J.-C. (République)</subfield><subfield code="0">(IDREF)027480410</subfield><subfield code="2">idref</subfield></datafield><datafield ind1=" " ind2="7" tag="651"><subfield code="a">Rome</subfield><subfield code="y">30 av. J.-C.-476 (Empire)</subfield><subfield code="0">(IDREF)027299120</subfield><subfield code="2">idref</subfield></datafield><datafield ind1="0" ind2="8" tag="776"><subfield code="i">Erscheint auch als Online-Ausgabe</subfield><subfield code="t">Roman colonies in Republic and Empire</subfield><subfield code="z">9789004438347</subfield></datafield><datafield ind1=" " ind2=" " tag="900"><subfield code="a">Stoppsignal FRED</subfield><subfield code="x">UBE/B410/202202</subfield></datafield><datafield ind1=" " ind2=" " tag="903"><subfield code="a">RERO-SIGN</subfield><subfield code="5">BCUFR/20210617/clc</subfield></datafield></record>
</metadata></record>