<record><header><identifier>oai:alma.41SLSP_UGE:991000790399705502</identifier><datestamp>2023-03-01T01:09:29Z</datestamp><setSpec>uge_bcen_RapidILL_BOOK</setSpec><setSpec>uge_aaca_RapidILL_BOOK</setSpec><setSpec>uge_abels_RapidILL_BOOK</setSpec><setSpec>uge_dbu_RapidILL_BOOK</setSpec><setSpec>uge_cmu_RapidILL_BOOK</setSpec><setSpec>uge_mail_RapidILL_BOOK</setSpec><setSpec>UNIGE_ALL</setSpec><setSpec>uge_abbat_RapidILL_BOOK</setSpec><setSpec>uge_aobs_RapidILL_BOOK</setSpec><setSpec>uge_acar_RapidILL_BOOK</setSpec></header><metadata>
<record xmlns="http://www.loc.gov/MARC21/slim" xmlns:xsi="http://www.w3.org/2001/XMLSchema-instance" xsi:schemaLocation="http://www.loc.gov/MARC21/slim http://www.loc.gov/standards/marcxml/schema/MARC21slim.xsd"><leader>00941naa a2200229 c 4500</leader><controlfield tag="001">991000790399705502</controlfield><controlfield tag="005">20201222205755.0</controlfield><controlfield tag="008">110427s1907    ag ||||| |||| 00| ||fre d</controlfield><datafield ind1=" " ind2=" " tag="035"><subfield code="a">(swissbib)113441851-41slsp_network</subfield></datafield><datafield ind1=" " ind2=" " tag="035"><subfield code="a">113441851</subfield><subfield code="9">ExL</subfield></datafield><datafield ind1=" " ind2=" " tag="035"><subfield code="a">(RERO)R006003823-41slsp</subfield></datafield><datafield ind1=" " ind2=" " tag="035"><subfield code="a">(EXLNZ-41SLSP_NETWORK)991040561569705501</subfield></datafield><datafield ind1=" " ind2=" " tag="040"><subfield code="a">RERO frbcuc</subfield><subfield code="d">CH-ZuSLS</subfield></datafield><datafield ind1=" " ind2="7" tag="072"><subfield code="a">ar</subfield><subfield code="2">rero</subfield></datafield><datafield ind1="0" ind2="0" tag="245"><subfield code="a">Nouvelles recherches sur la formation pampéenne et l'homme fossile de la République Argentine</subfield><subfield code="c">recueil de contributions scientifiques de C. Burckhardt ... [et al.] ; publ. par Robert Lehmann-Nitsche</subfield></datafield><datafield ind1=" " ind2=" " tag="336"><subfield code="b">txt</subfield><subfield code="2">rdacontent</subfield></datafield><datafield ind1=" " ind2=" " tag="337"><subfield code="b">n</subfield><subfield code="2">rdamedia</subfield></datafield><datafield ind1=" " ind2=" " tag="338"><subfield code="b">nc</subfield><subfield code="2">rdacarrier</subfield></datafield><datafield ind1=" " ind2=" " tag="580"><subfield code="a">In: Revista del Museo de La Plata. - Buenos Aires. - T. 14(1907), p. 143-488</subfield></datafield><datafield ind1="1" ind2=" " tag="700"><subfield code="a">Lehmann-Nitsche, Robert</subfield><subfield code="d">1872-1938</subfield><subfield code="0">(IDREF)02800714X</subfield></datafield><datafield ind1="1" ind2=" " tag="700"><subfield code="a">Burckhadt, Carl</subfield><subfield code="0">(RERO)A018708376</subfield></datafield><datafield ind1="0" ind2=" " tag="773"><subfield code="t">Revista del Museo de La Plata</subfield><subfield code="g">1907/143</subfield><subfield code="g">yr:1907</subfield></datafield><datafield ind1=" " ind2=" " tag="900"><subfield code="a">REROnoselfmerge</subfield></datafield></record>
</metadata></record>