<record><header><identifier>oai:alma.41SLSP_UGE:991000790199705502</identifier><datestamp>2024-04-11T00:14:36Z</datestamp><setSpec>uge_bcen_RapidILL_BOOK</setSpec><setSpec>uge_aaca_RapidILL_BOOK</setSpec><setSpec>uge_abels_RapidILL_BOOK</setSpec><setSpec>uge_dbu_RapidILL_BOOK</setSpec><setSpec>uge_cmu_RapidILL_BOOK</setSpec><setSpec>uge_mail_RapidILL_BOOK</setSpec><setSpec>uge_abbat_RapidILL_BOOK</setSpec><setSpec>UNIGE_ALL</setSpec><setSpec>uge_acar_RapidILL_BOOK</setSpec><setSpec>uge_aobs_RapidILL_BOOK</setSpec></header><metadata>
<record xmlns="http://www.loc.gov/MARC21/slim" xmlns:xsi="http://www.w3.org/2001/XMLSchema-instance" xsi:schemaLocation="http://www.loc.gov/MARC21/slim http://www.loc.gov/standards/marcxml/schema/MARC21slim.xsd"><leader>07570nam a2200865 c 4500</leader><controlfield tag="001">991000790199705502</controlfield><controlfield tag="005">20240410142724.0</controlfield><controlfield tag="008">201011s2009    sz ||||| m||| 00| ||ger d</controlfield><datafield ind1=" " ind2=" " tag="019"><subfield code="a">Catalogage: décrit l'ex. de thèse</subfield><subfield code="5">RERO/frbcuc/02.2009/0060</subfield></datafield><datafield ind1=" " ind2=" " tag="035"><subfield code="a">(swissbib)212917439-41slsp_network</subfield></datafield><datafield ind1=" " ind2=" " tag="035"><subfield code="a">212917439</subfield><subfield code="9">ExL</subfield></datafield><datafield ind1=" " ind2=" " tag="035"><subfield code="a">(RERO)R004994391-41slsp</subfield></datafield><datafield ind1=" " ind2=" " tag="035"><subfield code="a">(IDSSG)000487450HSB01</subfield></datafield><datafield ind1=" " ind2=" " tag="035"><subfield code="a">(IDSLU)000614611ILU01</subfield></datafield><datafield ind1=" " ind2=" " tag="035"><subfield code="a">(NEBIS)005789708EBI01</subfield></datafield><datafield ind1=" " ind2=" " tag="035"><subfield code="a">(IDSBB)004840030DSV01</subfield></datafield><datafield ind1=" " ind2=" " tag="035"><subfield code="a">(ALEX)bv001404717</subfield></datafield><datafield ind1=" " ind2=" " tag="035"><subfield code="a">(EXLNZ-41SLSP_NETWORK)991103704709705501</subfield></datafield><datafield ind1=" " ind2=" " tag="040"><subfield code="a">RERO frbcuc</subfield><subfield code="d">CH-ZuSLS</subfield></datafield><datafield ind1=" " ind2=" " tag="044"><subfield code="a">sz</subfield><subfield code="c">ch-be</subfield></datafield><datafield ind1=" " ind2="7" tag="072"><subfield code="a">dr</subfield><subfield code="2">rero</subfield></datafield><datafield ind1=" " ind2="7" tag="072"><subfield code="a">807</subfield><subfield code="2">IDS LU</subfield></datafield><datafield ind1=" " ind2="7" tag="072"><subfield code="a">842</subfield><subfield code="2">IDS LU</subfield></datafield><datafield ind1=" " ind2="7" tag="072"><subfield code="a">rw</subfield><subfield code="2">SzZuIDS BS/BE</subfield></datafield><datafield ind1="0" ind2="4" tag="082"><subfield code="a">346.494092</subfield><subfield code="2">22</subfield></datafield><datafield ind1="1" ind2="4" tag="082"><subfield code="a">340</subfield><subfield code="2">15</subfield></datafield><datafield ind1=" " ind2=" " tag="084"><subfield code="a">CA/CH 82 h</subfield><subfield code="2">cjurrom</subfield></datafield><datafield ind1="1" ind2=" " tag="100"><subfield code="a">Brack, Ursina</subfield><subfield code="d">1984-....</subfield><subfield code="0">(IDREF)243938993</subfield><subfield code="4">cre</subfield></datafield><datafield ind1="1" ind2="0" tag="245"><subfield code="a">Formen kollektiver Kapitalanlagen nach dem KAG (Bundesgesetz vom 23. Juni 2006 über die kollektiven Kapitalanlagen)</subfield><subfield code="b">eine systematische Darstellung</subfield><subfield code="c">Ursina Brack</subfield></datafield><datafield ind1=" " ind2="1" tag="264"><subfield code="a">Bern</subfield><subfield code="b">[éditeur non identifié]</subfield><subfield code="c">2009</subfield></datafield><datafield ind1=" " ind2=" " tag="300"><subfield code="a">389 S.</subfield><subfield code="c">24 cm</subfield></datafield><datafield ind1=" " ind2=" " tag="336"><subfield code="b">txt</subfield><subfield code="2">rdacontent</subfield></datafield><datafield ind1=" " ind2=" " tag="337"><subfield code="b">n</subfield><subfield code="2">rdamedia</subfield></datafield><datafield ind1=" " ind2=" " tag="338"><subfield code="b">nc</subfield><subfield code="2">rdacarrier</subfield></datafield><datafield ind1=" " ind2=" " tag="502"><subfield code="a">Diss. Univ. Freiburg (Schweiz), 2008</subfield></datafield><datafield ind1=" " ind2=" " tag="504"><subfield code="a">Bibliogr.</subfield></datafield><datafield ind1="1" ind2="7" tag="610"><subfield code="a">Schweiz</subfield><subfield code="t">Kollektivanlagengesetz</subfield><subfield code="0">(DE-588)7547257-0</subfield><subfield code="2">gnd</subfield></datafield><datafield ind1=" " ind2="7" tag="650"><subfield code="a">Anlage(Investition)</subfield><subfield code="9">ger</subfield><subfield code="0">(RERO)jurivoc000001235ger</subfield><subfield code="2">jurivoc</subfield></datafield><datafield ind1=" " ind2="7" tag="650"><subfield code="a">Form und Inhalt</subfield><subfield code="9">ger</subfield><subfield code="0">(RERO)jurivoc000008572ger</subfield><subfield code="2">jurivoc</subfield></datafield><datafield ind1=" " ind2="7" tag="650"><subfield code="a">Begriff</subfield><subfield code="9">ger</subfield><subfield code="0">(RERO)jurivoc000003002ger</subfield><subfield code="2">jurivoc</subfield></datafield><datafield ind1=" " ind2="7" tag="650"><subfield code="a">Kapitalmarkt</subfield><subfield code="9">ger</subfield><subfield code="0">(RERO)jurivoc000012475ger</subfield><subfield code="2">jurivoc</subfield></datafield><datafield ind1=" " ind2="7" tag="650"><subfield code="a">Aktiengesellschaft</subfield><subfield code="9">ger</subfield><subfield code="0">(RERO)jurivoc000000693ger</subfield><subfield code="2">jurivoc</subfield></datafield><datafield ind1=" " ind2="7" tag="650"><subfield code="a">Aktienkapital</subfield><subfield code="9">ger</subfield><subfield code="0">(RERO)jurivoc000000697ger</subfield><subfield code="2">jurivoc</subfield></datafield><datafield ind1=" " ind2="7" tag="650"><subfield code="a">Änderung(allgemein)</subfield><subfield code="9">ger</subfield><subfield code="0">(RERO)jurivoc000001084ger</subfield><subfield code="2">jurivoc</subfield></datafield><datafield ind1=" " ind2="7" tag="650"><subfield code="a">Kommanditaktiengesellschaft</subfield><subfield code="9">ger</subfield><subfield code="0">(RERO)jurivoc000013029ger</subfield><subfield code="2">jurivoc</subfield></datafield><datafield ind1=" " ind2="7" tag="650"><subfield code="a">Rechtssetzung</subfield><subfield code="9">ger</subfield><subfield code="0">(RERO)jurivoc000018456ger</subfield><subfield code="2">jurivoc</subfield></datafield><datafield ind1=" " ind2="7" tag="650"><subfield code="a">Anlagefonds</subfield><subfield code="9">ger</subfield><subfield code="0">(RERO)jurivoc000001238ger</subfield><subfield code="2">jurivoc</subfield></datafield><datafield ind1=" " ind2="7" tag="650"><subfield code="a">Revision(Rechtssetzung)</subfield><subfield code="9">ger</subfield><subfield code="0">(RERO)jurivoc000018895ger</subfield><subfield code="2">jurivoc</subfield></datafield><datafield ind1=" " ind2="7" tag="650"><subfield code="a">Droit</subfield><subfield code="0">(IDREF)027466868</subfield><subfield code="2">idref</subfield></datafield><datafield ind1=" " ind2="7" tag="650"><subfield code="a">Sociétés d'investissement</subfield><subfield code="0">(IDREF)027763544</subfield><subfield code="2">idref</subfield></datafield><datafield ind1=" " ind2="7" tag="650"><subfield code="a">Investmentfonds</subfield><subfield code="0">(DE-588)4114047-3</subfield><subfield code="2">gnd</subfield></datafield><datafield ind1=" " ind2="7" tag="650"><subfield code="a">Kapitalanlage</subfield><subfield code="0">(DE-588)4073213-7</subfield><subfield code="2">gnd</subfield></datafield><datafield ind1=" " ind2="7" tag="650"><subfield code="a">Recht</subfield><subfield code="0">(DE-588)4048737-4</subfield><subfield code="2">gnd</subfield></datafield><datafield ind1=" " ind2="7" tag="650"><subfield code="a">Rechtsgemeinschaft</subfield><subfield code="2">idszbz</subfield></datafield><datafield ind1=" " ind2="7" tag="650"><subfield code="a">Recht</subfield><subfield code="2">idszbz</subfield></datafield><datafield ind1=" " ind2="7" tag="650"><subfield code="a">Investmentgesellschaft</subfield><subfield code="2">idszbz</subfield></datafield><datafield ind1=" " ind2="7" tag="650"><subfield code="a">Investmentfonds</subfield><subfield code="2">idszbz</subfield></datafield><datafield ind1=" " ind2="7" tag="650"><subfield code="a">Kapitalanlage</subfield><subfield code="2">idszbz</subfield></datafield><datafield ind1=" " ind2="7" tag="650"><subfield code="a">Anlagefonds</subfield><subfield code="x">Recht</subfield><subfield code="z">Schweiz</subfield><subfield code="2">idsbb</subfield></datafield><datafield ind1=" " ind2="7" tag="650"><subfield code="a">Kapitalanlage</subfield><subfield code="x">Recht</subfield><subfield code="z">Schweiz</subfield><subfield code="2">idsbb</subfield></datafield><datafield ind1=" " ind2="7" tag="651"><subfield code="a">Schweiz</subfield><subfield code="9">ger</subfield><subfield code="0">(RERO)jurivoc000019912ger</subfield><subfield code="2">jurivoc</subfield></datafield><datafield ind1=" " ind2="7" tag="651"><subfield code="a">Suisse</subfield><subfield code="0">(IDREF)027249654</subfield><subfield code="2">idref</subfield></datafield><datafield ind1=" " ind2="7" tag="651"><subfield code="a">Schweiz</subfield><subfield code="0">(DE-588)4053881-3</subfield><subfield code="2">gnd</subfield></datafield><datafield ind1=" " ind2="7" tag="651"><subfield code="a">Schweiz</subfield><subfield code="2">idszbz</subfield></datafield><datafield ind1=" " ind2="7" tag="655"><subfield code="a">Hochschulschrift</subfield><subfield code="2">gnd-content</subfield></datafield><datafield ind1=" " ind2=" " tag="690"><subfield code="a">Kapitalanlage; Auflösung; Vorzugsaktie; Revision; Bezugsrecht; Risikokapital; Umstrukturierung; Fond; Bundesgesetz; Gründung; Genehmigungsverfahren; Liquidation; Generalversammlung; Verzeichnis; Organisation; Eigentumsrecht; Aufsichtsbehörde; Vermögen; Konkurs; Beteiligung; Investmentfonds; Verteilung; Werbung; Abgrenzung; Unternehmensziel; Invalidenversicherung; Einlage; Befugnis; Legaldefinition; Gesellschaftsvertrag; Regelung; Befriedigung; Einberufung; Haftfestigkeit; Leitung; Neuerung; Merkmal; Delegation; Errichtung; Zusammenfassung; Netzwerk; Beratung; Beziehung; Geschäftsführung; Kontrolle; Sonderprüfung; Stellung; Vi</subfield><subfield code="2">idssg-J</subfield></datafield><datafield ind1=" " ind2=" " tag="690"><subfield code="a">Inhaltsverzeichnis; Risikoverteilung; Fremdverwaltung; Mindesteinlage; Anlagefondsgesetz; Fondsleitung; Mindestvermögen; Verlustbeteiligung; Revisionsstelle; Anlagereglement; Totalrevision; Aktienkapital; Anlegeraktie; Beschlussfassung; Depotbank; Gleichbehandlung; Inhaberaktie; Konkurseröffnung; Mindestkapital; Unternehmeraktie; Vertragserfüllung; Auflösungsbeschluss; Austrittsrecht; Dividendenrecht; Fondsvermögen; Fondsvertrag; Klagerecht; Kontrollrecht; Netzverfassungsnorm; Regelungsschwerpunkt; Revisionsbedürftigkeit; Rückgaberecht; Sondervermögen; Stimmrechtsrecht; Teilvermögen; Verhaltensregel; Vorwegzeichnungsrecht; Zahlstelle; Abkürzungsverzeichnis; Anlagevorschrift; Ausgangslage; Investmentclub; Kapitalanlage-GmbH; Literaturverzeichnis; Rechenschaftsablage; Rechtsquelle; Rechtsverhältnis; Sammeldepot; Anerkennungsvoraussetzung; Anlagebedürfnis; Anlagefond; Anlagetechnik; Anlegerinteresse; Beispielkonstellation; Beteiligungsquote; Bewilligungspflicht; Bewilligungsvoraussetzung; Effektenfond; Entstehungsgeschichte; Entstehungsstadium; Errichtungsakt; Errichtungsstadium; Fondsbereich; Forschungsgegenstand; Genehmigungspflicht; Gesellschaftszweck; Gründungsmitglied; Hauptpflicht; Indexfond; Körperschaftsstruktur; Mindestanzahl; Mitgliedschaftsrechter; Namenaktie; Netzcharakter; Netzwerkbegriff; Organisationsnetzwerk; Rechtsfolge; Regelungsabsicht; Rundschreiben; Rückblick; SICAF-Aktionär; Schutzbestimmung; Standselement; Statutei; Statuteninhalt; Tatbestandsmerkmal; Teilnahme; Vertragsinhalt; Zeitablauf</subfield><subfield code="2">idssg-J</subfield></datafield><datafield ind1=" " ind2=" " tag="690"><subfield code="a">ausgestaltete Kapitalanlage; geschlossene Kapitalanlage; offene Kapitalanlage; offenes Kollektiv; ordentliche Revision; aktienrechtliche Revisionsstelle; allgemeiner Netzwerkbegriff; allgemeiner Teil; alternative Anlage; andere Anlage; ausländisches Kollektiv; basierter Anlagefond; eigene Aktie; eigener Name; eingeschränkte Revision; erfasste Konstellation; erster Referent; europäische Union; festes Aktienkapital; festes Kapital; geschlossener Anlagefond; geschlossenes Kollektiv; gesellschaftsähnliche Konstruktion; gleicher Rechter; gleichmäßige Befriedigung; großes Organisationsnetzwerk; internes Sondervermögen; jederzeitige Kündbarkeit; jederzeitige Rückgabe; jederzeitiges Rückgaberecht; kollektiv KAPITAEANLAGEN; kollektive Kapitalanlage; konstitutives Merkmal; mögliche Ausgestaltung; notwendiger Statuteninhalt; qualifizierter Anleger; rechte Pflicht; rechtswissenschaftliche Fakultät; relative Gleichbehandlung; revidiertes Aktienrecht; sachlicher Grund; strukturiertes Produkt; systematische Darstellung; sämtlicher SICAF-Aktionär; traditionelle Anlage; unentziehbare Befugnis; vereinigter Staat; vermögensmäßiger Rechter; vollliberierte Aktie; vorgesehener Fall; weiteres Merkmal; weiterer Rechter; wesentliche Neuerung; wichtiger Grund; wirtschaftliche Bedeutung; zentrales Element; zulässige Anlage; zulässige Anlagetechnik; zweiter Referent; öffentliche Werbung; übriger Fond; übriger Fonds</subfield><subfield code="2">idssg-J</subfield></datafield><datafield ind1=" " ind2=" " tag="690"><subfield code="a">Schweiz C4EXSI; Deutschland C4EUGE; England C4EUUK; Vereinigte Staaten C1USA; EU C4EU</subfield><subfield code="2">idssg-J</subfield></datafield><datafield ind1=" " ind2=" " tag="690"><subfield code="a">Dr. Marc Amstutz; Dr. Walter Stoffel; Herr Professor; Kapita Ibezogenheit; rechtswissenschaftlich Fakultät Formen; Unterscheidung Bewilligungs- Genehmigungspflicht; vereinfacht Bewilligungs- Genehmigungsverfahren; weiter Rechte Pflichten</subfield><subfield code="2">idssg-J</subfield></datafield><datafield ind1=" " ind2=" " tag="691"><subfield code="e">PC 82 CH</subfield><subfield code="2">rzs-L1</subfield></datafield><datafield ind1="4" ind2=" " tag="856"><subfield code="3">Titelblatt und Inhaltsverzeichnis</subfield><subfield code="u">https://toc.library.ethz.ch/objects/pdf/z01_005789708_01.pdf</subfield><subfield code="q">pdf</subfield></datafield><datafield ind1=" " ind2=" " tag="900"><subfield code="a">IDSZ2zbzdis200904i</subfield><subfield code="c">IDSZ2meip</subfield><subfield code="d">IDSZ2zbzswk200904d</subfield></datafield><datafield ind1=" " ind2=" " tag="900"><subfield code="a">IDSZ2rwidis200905l</subfield><subfield code="c">IDSZ2biss</subfield><subfield code="d">IDSZ2rwiswk200905b</subfield><subfield code="e">IDSZ2sust</subfield></datafield><datafield ind1=" " ind2=" " tag="900"><subfield code="a">IDSE5E51ANH-2013</subfield></datafield><datafield ind1=" " ind2=" " tag="949"><subfield code="a">https://toc.library.ethz.ch/objects/pdf/z01_005789708_01.pdf</subfield></datafield></record>
</metadata></record>