<record><header><identifier>oai:alma.41SLSP_UGE:991000790299705502</identifier><datestamp>2023-06-26T00:15:07Z</datestamp><setSpec>UNIGE_ALL</setSpec></header><metadata>
<record xmlns="http://www.loc.gov/MARC21/slim" xmlns:xsi="http://www.w3.org/2001/XMLSchema-instance" xsi:schemaLocation="http://www.loc.gov/MARC21/slim http://www.loc.gov/standards/marcxml/schema/MARC21slim.xsd"><leader>01959ngm a2200397 c 4500</leader><controlfield tag="001">991000790299705502</controlfield><controlfield tag="005">20230625103106.0</controlfield><controlfield tag="007">vd |v||||</controlfield><controlfield tag="008">070614s2007    fr ||| |          v|fre d</controlfield><datafield ind1=" " ind2=" " tag="035"><subfield code="a">(swissbib)105427497-41slsp_network</subfield></datafield><datafield ind1=" " ind2=" " tag="035"><subfield code="a">105427497</subfield><subfield code="9">ExL</subfield></datafield><datafield ind1=" " ind2=" " tag="035"><subfield code="a">(RERO)R004484352-41slsp</subfield></datafield><datafield ind1=" " ind2=" " tag="035"><subfield code="a">(EXLNZ-41SLSP_NETWORK)991013862259705501</subfield></datafield><datafield ind1=" " ind2=" " tag="040"><subfield code="a">RERO geumem</subfield><subfield code="d">CH-ZuSLS</subfield></datafield><datafield ind1=" " ind2="7" tag="072"><subfield code="a">ps</subfield><subfield code="2">rero</subfield></datafield><datafield ind1="0" ind2="0" tag="245"><subfield code="a">Petite conversation familiale</subfield><subfield code="c">réal. par Hélène Lapiower ; musiques Ino Topper, Mordecai Hershman</subfield></datafield><datafield ind1=" " ind2="1" tag="264"><subfield code="a">[Paris]</subfield><subfield code="b">Blaq out, 2007</subfield></datafield><datafield ind1=" " ind2=" " tag="300"><subfield code="a">1 DVD vidéo (70 min)</subfield></datafield><datafield ind1=" " ind2=" " tag="336"><subfield code="b">tdi</subfield><subfield code="2">rdacontent</subfield></datafield><datafield ind1=" " ind2=" " tag="337"><subfield code="b">v</subfield><subfield code="2">rdamedia</subfield></datafield><datafield ind1=" " ind2=" " tag="338"><subfield code="b">vd</subfield><subfield code="2">rdacarrier</subfield></datafield><datafield ind1="0" ind2=" " tag="490"><subfield code="a">Blaq out collection</subfield></datafield><datafield ind1=" " ind2=" " tag="500"><subfield code="a">Une prod. Margo-Films - Paradise-Films, 1999</subfield></datafield><datafield ind1=" " ind2=" " tag="500"><subfield code="a">Dialogue en français, anglais, yiddish, sous-titré en français et anglais</subfield></datafield><datafield ind1=" " ind2=" " tag="500"><subfield code="a">Multizones</subfield></datafield><datafield ind1=" " ind2=" " tag="500"><subfield code="a">Prix Ruta et Georges Sadoul 1999</subfield></datafield><datafield ind1="0" ind2=" " tag="505"><subfield code="a">Elle et lui : film court-métrage / François Margolin</subfield></datafield><datafield ind1=" " ind2=" " tag="508"><subfield code="a">Image et son Hélène Lapiower ; montage Anita Fernandez, Anne Weil, Hélène Lapiower</subfield></datafield><datafield ind1="8" ind2=" " tag="520"><subfield code="a">Hélène Lapiower, actrice vivant à Paris, a filmé, sept années durant, sa famille éparpillée en Belgique et aux Etats-Unis. Une famille de &quot;petits tailleurs juifs, Polonais émigrés, dont les enfants se sont tous mariés avec des Noirs, des Belges et des Arabes.&quot; Rupture totale d'identité pour cette génération, touchée dans son intimité par le poids de l'&quot;Histoire&quot;</subfield><subfield code="5">RERO/njhep-/09.2011</subfield></datafield><datafield ind1=" " ind2="7" tag="650"><subfield code="a">Conflit de générations</subfield><subfield code="0">(IDREF)027274535</subfield><subfield code="2">idref</subfield></datafield><datafield ind1=" " ind2="7" tag="650"><subfield code="a">Transmission intergénérationnelle</subfield><subfield code="0">(IDREF)087833743</subfield><subfield code="2">idref</subfield></datafield><datafield ind1=" " ind2="7" tag="650"><subfield code="a">Identité collective</subfield><subfield code="0">(IDREF)029251133</subfield><subfield code="2">idref</subfield></datafield><datafield ind1=" " ind2="7" tag="650"><subfield code="a">Juifs</subfield><subfield code="0">(IDREF)02723570X</subfield><subfield code="2">idref</subfield></datafield><datafield ind1=" " ind2="7" tag="650"><subfield code="a">Famille</subfield><subfield code="0">(IDREF)027258556</subfield><subfield code="2">idref</subfield></datafield><datafield ind1=" " ind2="7" tag="650"><subfield code="a">Moeurs et coutumes</subfield><subfield code="0">(IDREF)027239640</subfield><subfield code="2">idref</subfield></datafield><datafield ind1=" " ind2="7" tag="655"><subfield code="a">DVD</subfield><subfield code="2">idref</subfield><subfield code="0">(IDREF)035108444</subfield></datafield><datafield ind1="1" ind2=" " tag="700"><subfield code="a">Lapiower, Hélène</subfield><subfield code="d">1955-2002</subfield><subfield code="0">(IDREF)094493707</subfield></datafield></record>
</metadata></record>