<record><header><identifier>oai:alma.41SLSP_UGE:991000790509705502</identifier><datestamp>2023-04-12T00:11:26Z</datestamp><setSpec>uge_bcen_RapidILL_BOOK</setSpec><setSpec>uge_aaca_RapidILL_BOOK</setSpec><setSpec>uge_abels_RapidILL_BOOK</setSpec><setSpec>uge_dbu_RapidILL_BOOK</setSpec><setSpec>uge_cmu_RapidILL_BOOK</setSpec><setSpec>uge_mail_RapidILL_BOOK</setSpec><setSpec>uge_abbat_RapidILL_BOOK</setSpec><setSpec>UNIGE_ALL</setSpec><setSpec>uge_aobs_RapidILL_BOOK</setSpec><setSpec>uge_acar_RapidILL_BOOK</setSpec></header><metadata>
<record xmlns="http://www.loc.gov/MARC21/slim" xmlns:xsi="http://www.w3.org/2001/XMLSchema-instance" xsi:schemaLocation="http://www.loc.gov/MARC21/slim http://www.loc.gov/standards/marcxml/schema/MARC21slim.xsd"><leader>01210nam a2200361 c 4500</leader><controlfield tag="001">991000790509705502</controlfield><controlfield tag="005">20230411180503.0</controlfield><controlfield tag="008">201012t19951995xxu||||| |||| 00| ||eng d</controlfield><datafield ind1=" " ind2=" " tag="020"><subfield code="a">0812232674</subfield></datafield><datafield ind1=" " ind2=" " tag="035"><subfield code="a">(swissbib)234243368-41slsp_network</subfield></datafield><datafield ind1=" " ind2=" " tag="035"><subfield code="a">234243368</subfield><subfield code="9">ExL</subfield></datafield><datafield ind1=" " ind2=" " tag="035"><subfield code="a">(RERO)2073081-41slsp</subfield></datafield><datafield ind1=" " ind2=" " tag="035"><subfield code="a">(IDSBB)001232349DSV01</subfield></datafield><datafield ind1=" " ind2=" " tag="035"><subfield code="a">(EXLNZ-41SLSP_NETWORK)991130976019705501</subfield></datafield><datafield ind1=" " ind2=" " tag="040"><subfield code="a">RERO geuhim</subfield><subfield code="d">CH-ZuSLS</subfield></datafield><datafield ind1=" " ind2="7" tag="072"><subfield code="a">me</subfield><subfield code="2">rero</subfield></datafield><datafield ind1=" " ind2="7" tag="072"><subfield code="a">mg</subfield><subfield code="2">SzZuIDS BS/BE</subfield></datafield><datafield ind1="1" ind2="4" tag="082"><subfield code="a">610</subfield><subfield code="2">15</subfield></datafield><datafield ind1=" " ind2=" " tag="084"><subfield code="a">XB 5500</subfield><subfield code="2">rvk</subfield></datafield><datafield ind1=" " ind2=" " tag="084"><subfield code="a">XB 5503</subfield><subfield code="2">rvk</subfield></datafield><datafield ind1="1" ind2=" " tag="100"><subfield code="a">Muraskin, William</subfield><subfield code="0">(RERO)A003619127</subfield><subfield code="4">cre</subfield></datafield><datafield ind1="1" ind2="0" tag="245"><subfield code="a">&lt;&lt;The&gt;&gt; war against hepatitis B</subfield><subfield code="b">a history of the international task force on hepatitis B immunization</subfield><subfield code="c">William Muraskin</subfield></datafield><datafield ind1=" " ind2="1" tag="264"><subfield code="a">Philadelphia</subfield><subfield code="b">Univ. of Pennsylvania Press</subfield><subfield code="c">[1995]</subfield></datafield><datafield ind1=" " ind2="4" tag="264"><subfield code="c">© 1995</subfield></datafield><datafield ind1=" " ind2=" " tag="300"><subfield code="a">248 S.</subfield><subfield code="b">Ill.</subfield><subfield code="c">24 cm</subfield></datafield><datafield ind1=" " ind2=" " tag="336"><subfield code="b">txt</subfield><subfield code="2">rdacontent</subfield></datafield><datafield ind1=" " ind2=" " tag="337"><subfield code="b">n</subfield><subfield code="2">rdamedia</subfield></datafield><datafield ind1=" " ind2=" " tag="338"><subfield code="b">nc</subfield><subfield code="2">rdacarrier</subfield></datafield><datafield ind1=" " ind2="7" tag="650"><subfield code="a">Hépatite virale</subfield><subfield code="0">(IDREF)027314731</subfield><subfield code="2">idref</subfield></datafield><datafield ind1=" " ind2="7" tag="650"><subfield code="a">Vaccination</subfield><subfield code="0">(IDREF)027255069</subfield><subfield code="2">idref</subfield></datafield><datafield ind1=" " ind2="7" tag="650"><subfield code="a">1960-1995</subfield><subfield code="2">rero</subfield></datafield><datafield ind1=" " ind2="7" tag="650"><subfield code="a">hépatite virale - prévention</subfield><subfield code="0">(RERO)A010094765</subfield><subfield code="2">rerovoc</subfield></datafield><datafield ind1=" " ind2="7" tag="650"><subfield code="a">Hepatitis B</subfield><subfield code="y">Geschichte</subfield><subfield code="2">idsbb</subfield></datafield><datafield ind1=" " ind2=" " tag="900"><subfield code="a">REROnoselfmerge</subfield></datafield></record>
</metadata></record>