<record><header><identifier>oai:alma.41SLSP_UGE:991000790389705502</identifier><datestamp>2024-07-14T00:09:45Z</datestamp><setSpec>uge_bcen_RapidILL_BOOK</setSpec><setSpec>uge_aaca_RapidILL_BOOK</setSpec><setSpec>uge_abels_RapidILL_BOOK</setSpec><setSpec>uge_dbu_RapidILL_BOOK</setSpec><setSpec>uge_cmu_RapidILL_BOOK</setSpec><setSpec>uge_mail_RapidILL_BOOK</setSpec><setSpec>UNIGE_ALL</setSpec><setSpec>uge_abbat_RapidILL_BOOK</setSpec><setSpec>uge_aobs_RapidILL_BOOK</setSpec><setSpec>uge_acar_RapidILL_BOOK</setSpec></header><metadata>
<record xmlns="http://www.loc.gov/MARC21/slim" xmlns:xsi="http://www.w3.org/2001/XMLSchema-instance" xsi:schemaLocation="http://www.loc.gov/MARC21/slim http://www.loc.gov/standards/marcxml/schema/MARC21slim.xsd"><leader>02199nam a2200685 ca4500</leader><controlfield tag="001">991000790389705502</controlfield><controlfield tag="005">20230201202547.0</controlfield><controlfield tag="008">201012s2000    xxu||||| |||| 00| ||eng d</controlfield><datafield ind1=" " ind2=" " tag="020"><subfield code="a">1557981876</subfield><subfield code="q">Set</subfield></datafield><datafield ind1=" " ind2=" " tag="020"><subfield code="a">1557986509</subfield><subfield code="q">vol. 1</subfield></datafield><datafield ind1=" " ind2=" " tag="020"><subfield code="a">1557986517</subfield><subfield code="q">vol. 2</subfield></datafield><datafield ind1=" " ind2=" " tag="020"><subfield code="a">1557986525</subfield><subfield code="q">vol. 3</subfield></datafield><datafield ind1=" " ind2=" " tag="020"><subfield code="a">1557986533</subfield><subfield code="q">vol. 4</subfield></datafield><datafield ind1=" " ind2=" " tag="020"><subfield code="a">1557986541</subfield><subfield code="q">vol. 5</subfield></datafield><datafield ind1=" " ind2=" " tag="020"><subfield code="a">155798655X</subfield><subfield code="q">vol. 6</subfield></datafield><datafield ind1=" " ind2=" " tag="020"><subfield code="a">1557986568</subfield><subfield code="q">vol. 7</subfield></datafield><datafield ind1=" " ind2=" " tag="020"><subfield code="a">1557986576</subfield><subfield code="q">vol. 8</subfield></datafield><datafield ind1=" " ind2=" " tag="020"><subfield code="a">1557981876</subfield><subfield code="c">(set)</subfield></datafield><datafield ind1="7" ind2=" " tag="024"><subfield code="a">http://catalogue.bnf.fr/ark:/12148/cb375625427</subfield><subfield code="2">uri</subfield></datafield><datafield ind1=" " ind2=" " tag="035"><subfield code="a">(swissbib)239333683-41slsp_network</subfield></datafield><datafield ind1=" " ind2=" " tag="035"><subfield code="a">239333683</subfield><subfield code="9">ExL</subfield></datafield><datafield ind1=" " ind2=" " tag="035"><subfield code="a">(RERO)R273578860-41slsp</subfield></datafield><datafield ind1=" " ind2=" " tag="035"><subfield code="a">(NEBIS)003856013EBI01</subfield></datafield><datafield ind1=" " ind2=" " tag="035"><subfield code="a">(IDSBB)002054479DSV01</subfield></datafield><datafield ind1=" " ind2=" " tag="035"><subfield code="a">(EXLNZ-41SLSP_NETWORK)991159897159705501</subfield></datafield><datafield ind1=" " ind2=" " tag="040"><subfield code="a">RERO frbcuc</subfield><subfield code="d">CH-ZuSLS</subfield></datafield><datafield ind1=" " ind2="7" tag="072"><subfield code="a">ps</subfield><subfield code="2">rero</subfield></datafield><datafield ind1=" " ind2="7" tag="072"><subfield code="a">ps</subfield><subfield code="2">SzZuIDS BS/BE</subfield></datafield><datafield ind1="0" ind2="0" tag="082"><subfield code="a">150/.3</subfield><subfield code="2">21</subfield></datafield><datafield ind1="0" ind2="4" tag="082"><subfield code="a">150/. 3</subfield><subfield code="2">21</subfield></datafield><datafield ind1="0" ind2="4" tag="082"><subfield code="a">100</subfield></datafield><datafield ind1="1" ind2="4" tag="082"><subfield code="a">150.3</subfield><subfield code="2">22</subfield></datafield><datafield ind1="1" ind2="4" tag="082"><subfield code="a">150.321</subfield><subfield code="2">19</subfield></datafield><datafield ind1="1" ind2="4" tag="082"><subfield code="a">150</subfield><subfield code="2">15</subfield></datafield><datafield ind1=" " ind2=" " tag="084"><subfield code="a">5,2</subfield><subfield code="2">ssgn</subfield></datafield><datafield ind1=" " ind2=" " tag="084"><subfield code="a">CM 1000</subfield><subfield code="2">rvk</subfield></datafield><datafield ind1=" " ind2=" " tag="084"><subfield code="a">CN 1500</subfield><subfield code="2">rvk</subfield></datafield><datafield ind1="0" ind2="0" tag="245"><subfield code="a">Encyclopedia of psychology</subfield><subfield code="c">Alan E. Kazdin, ed. in chief</subfield></datafield><datafield ind1=" " ind2="1" tag="264"><subfield code="a">Washington DC</subfield><subfield code="b">American Psychological Association</subfield><subfield code="a">New York [etc.]</subfield><subfield code="b">Oxford Univ. Press</subfield><subfield code="c">2000</subfield></datafield><datafield ind1=" " ind2=" " tag="300"><subfield code="a">8 vol.</subfield><subfield code="c">29 cm</subfield></datafield><datafield ind1=" " ind2=" " tag="336"><subfield code="b">txt</subfield><subfield code="2">rdacontent</subfield></datafield><datafield ind1=" " ind2=" " tag="337"><subfield code="b">n</subfield><subfield code="2">rdamedia</subfield></datafield><datafield ind1=" " ind2=" " tag="338"><subfield code="b">nc</subfield><subfield code="2">rdacarrier</subfield></datafield><datafield ind1=" " ind2="7" tag="650"><subfield code="a">Psychologie</subfield><subfield code="0">(IDREF)027346900</subfield><subfield code="2">idref</subfield></datafield><datafield ind1=" " ind2="7" tag="650"><subfield code="a">Englisch</subfield><subfield code="2">idszbz</subfield></datafield><datafield ind1=" " ind2="7" tag="650"><subfield code="a">Psychologie</subfield><subfield code="2">idszbz</subfield></datafield><datafield ind1=" " ind2="7" tag="650"><subfield code="a">Psychologie</subfield><subfield code="0">(DE-588)4047704-6</subfield><subfield code="2">gnd</subfield></datafield><datafield ind1=" " ind2="0" tag="650"><subfield code="a">Psychology</subfield></datafield><datafield ind1=" " ind2="0" tag="650"><subfield code="a">Psychology</subfield><subfield code="v">Encyclopedias</subfield></datafield><datafield ind1=" " ind2="7" tag="650"><subfield code="a">Psychologie</subfield><subfield code="v">Wörterbuch</subfield><subfield code="2">idsbb</subfield></datafield><datafield ind1=" " ind2="7" tag="655"><subfield code="a">Encyclopédies</subfield><subfield code="0">(IDREF)028638166</subfield><subfield code="2">idref</subfield></datafield><datafield ind1=" " ind2="7" tag="655"><subfield code="a">Enzyklopädie</subfield><subfield code="2">gnd-content</subfield></datafield><datafield ind1=" " ind2="7" tag="655"><subfield code="a">Lexikon</subfield><subfield code="2">idszbz</subfield></datafield><datafield ind1=" " ind2="7" tag="655"><subfield code="v">Wörterbuch</subfield><subfield code="2">idsmusi</subfield></datafield><datafield ind1=" " ind2="7" tag="655"><subfield code="a">Biografie</subfield><subfield code="2">gnd-content</subfield></datafield><datafield ind1=" " ind2=" " tag="690"><subfield code="a">Psychologie</subfield><subfield code="2">nebis-E4</subfield></datafield><datafield ind1=" " ind2=" " tag="690"><subfield code="a">Wörterbuch</subfield><subfield code="2">ids-music</subfield></datafield><datafield ind1="1" ind2=" " tag="700"><subfield code="a">Kazdin, Alan E.</subfield><subfield code="d">1945-</subfield><subfield code="0">(DE-588)1161419411</subfield><subfield code="6">880-02</subfield></datafield><datafield ind1="1" ind2=" " tag="880"><subfield code="6">700-02</subfield><subfield code="a">Kazdin, Alan E.</subfield><subfield code="d">1945-....</subfield><subfield code="0">(IDREF)034983260</subfield></datafield><datafield ind1=" " ind2=" " tag="900"><subfield code="a">REROnoselfmerge</subfield></datafield><datafield ind1=" " ind2=" " tag="900"><subfield code="a">IDSZ2zbzmon200005e</subfield><subfield code="c">IDSZ2kuel</subfield><subfield code="d">IDSZ2zbzswk200005b</subfield><subfield code="e">IDSZ2bisg</subfield></datafield></record>
</metadata></record>