<record><header><identifier>oai:alma.41SLSP_UGE:991000791019705502</identifier><datestamp>2023-03-01T01:09:29Z</datestamp><setSpec>uge_bcen_RapidILL_BOOK</setSpec><setSpec>uge_aaca_RapidILL_BOOK</setSpec><setSpec>uge_abels_RapidILL_BOOK</setSpec><setSpec>uge_dbu_RapidILL_BOOK</setSpec><setSpec>uge_cmu_RapidILL_BOOK</setSpec><setSpec>uge_mail_RapidILL_BOOK</setSpec><setSpec>UNIGE_ALL</setSpec><setSpec>uge_abbat_RapidILL_BOOK</setSpec><setSpec>uge_aobs_RapidILL_BOOK</setSpec><setSpec>uge_acar_RapidILL_BOOK</setSpec></header><metadata>
<record xmlns="http://www.loc.gov/MARC21/slim" xmlns:xsi="http://www.w3.org/2001/XMLSchema-instance" xsi:schemaLocation="http://www.loc.gov/MARC21/slim http://www.loc.gov/standards/marcxml/schema/MARC21slim.xsd"><leader>01869nam a2200529uc 4500</leader><controlfield tag="001">991000791019705502</controlfield><controlfield tag="005">20201222222115.0</controlfield><controlfield tag="008">201011s1991    gw     |      00| ||ger|d</controlfield><datafield ind1=" " ind2=" " tag="020"><subfield code="a">3354006412</subfield></datafield><datafield ind1="7" ind2=" " tag="024"><subfield code="a">http://catalogue.bnf.fr/ark:/12148/cb35681717n</subfield><subfield code="2">uri</subfield></datafield><datafield ind1=" " ind2=" " tag="035"><subfield code="a">(swissbib)227503880-41slsp_network</subfield></datafield><datafield ind1=" " ind2=" " tag="035"><subfield code="a">227503880</subfield><subfield code="9">ExL</subfield></datafield><datafield ind1=" " ind2=" " tag="035"><subfield code="a">(NEBIS)001178720EBI01</subfield></datafield><datafield ind1=" " ind2=" " tag="035"><subfield code="a">(IDSBB)000703367DSV01</subfield></datafield><datafield ind1=" " ind2=" " tag="035"><subfield code="a">(NEBIS)008076951EBI01</subfield></datafield><datafield ind1=" " ind2=" " tag="035"><subfield code="a">(RERO)1526727-41slsp</subfield></datafield><datafield ind1=" " ind2=" " tag="035"><subfield code="a">(EXLNZ-41SLSP_NETWORK)991079269069705501</subfield></datafield><datafield ind1=" " ind2=" " tag="040"><subfield code="a">ZBZ</subfield><subfield code="b">ger</subfield><subfield code="e">ETHICS-ISBD</subfield><subfield code="d">CH-ZuSLS</subfield></datafield><datafield ind1=" " ind2="7" tag="072"><subfield code="a">nd</subfield><subfield code="2">SzZuIDS BS/BE</subfield></datafield><datafield ind1=" " ind2="7" tag="072"><subfield code="a">al</subfield><subfield code="2">rero</subfield></datafield><datafield ind1="0" ind2="0" tag="082"><subfield code="a">838/.91409</subfield><subfield code="2">21</subfield></datafield><datafield ind1="0" ind2="4" tag="082"><subfield code="a">838/.91409 21</subfield><subfield code="2">22ger</subfield></datafield><datafield ind1="0" ind2="4" tag="082"><subfield code="a">838.914</subfield></datafield><datafield ind1="1" ind2="4" tag="082"><subfield code="a">830</subfield><subfield code="2">15</subfield></datafield><datafield ind1=" " ind2=" " tag="084"><subfield code="a">GN 3667</subfield><subfield code="2">rvk</subfield></datafield><datafield ind1="1" ind2=" " tag="100"><subfield code="6">880-01</subfield><subfield code="a">Braun, Volker</subfield><subfield code="d">1939-....</subfield><subfield code="0">(IDREF)026750414</subfield><subfield code="4">cre</subfield></datafield><datafield ind1="1" ind2=" " tag="880"><subfield code="a">Braun, Volker</subfield><subfield code="d">1939-</subfield><subfield code="0">(DE-588)118514644</subfield><subfield code="6">100-01</subfield></datafield><datafield ind1="1" ind2="0" tag="245"><subfield code="a">Anekdoten</subfield><subfield code="b">; Verstreute Gedichte 1969-1978 ; Simplex Deutsch ; Dmitri ; Schriften</subfield><subfield code="c">[Volker Braun]</subfield></datafield><datafield ind1="1" ind2="3" tag="246"><subfield code="a">Verstreute Gedichte 1969-1978</subfield></datafield><datafield ind1="1" ind2="3" tag="246"><subfield code="a">Simplex Deutsch</subfield></datafield><datafield ind1="1" ind2="3" tag="246"><subfield code="a">Dmitri</subfield></datafield><datafield ind1="1" ind2="1" tag="246"><subfield code="a">Schriften</subfield></datafield><datafield ind1=" " ind2="1" tag="264"><subfield code="a">Halle [etc.]</subfield><subfield code="b">Mitteldeutscher Verlag</subfield><subfield code="c">1991</subfield></datafield><datafield ind1=" " ind2=" " tag="300"><subfield code="a">276 S.</subfield><subfield code="b">Ill.</subfield><subfield code="c">20 cm</subfield></datafield><datafield ind1=" " ind2=" " tag="336"><subfield code="b">txt</subfield><subfield code="2">rdacontent</subfield></datafield><datafield ind1=" " ind2=" " tag="337"><subfield code="b">n</subfield><subfield code="2">rdamedia</subfield></datafield><datafield ind1=" " ind2=" " tag="338"><subfield code="b">nc</subfield><subfield code="2">rdacarrier</subfield></datafield><datafield ind1="1" ind2=" " tag="490"><subfield code="a">Texte in zeitlicher Folge / Volker Braun</subfield><subfield code="v">6</subfield></datafield><datafield ind1=" " ind2=" " tag="520"><subfield code="a">Band 6. - Enth.: Anekdoten ; Verstreute Gedichte 1969-1978 ; Simplex Deutsch ; Dmitri ; Schriften</subfield></datafield><datafield ind1=" " ind2="0" tag="650"><subfield code="a">German fiction</subfield><subfield code="z">Germany (East)</subfield></datafield><datafield ind1="0" ind2="2" tag="740"><subfield code="a">Verstreute Gedichte 1969-1978</subfield></datafield><datafield ind1="0" ind2="2" tag="740"><subfield code="a">Simplex Deutsch</subfield></datafield><datafield ind1="0" ind2="2" tag="740"><subfield code="a">Dmitri</subfield></datafield><datafield ind1="0" ind2="2" tag="740"><subfield code="a">Schriften</subfield></datafield><datafield ind1="1" ind2=" " tag="800"><subfield code="a">Braun, Volker</subfield><subfield code="d">1939-</subfield><subfield code="t">Texte in zeitlicher Folge</subfield><subfield code="v">6</subfield><subfield code="w">(NEBIS)000995001EBI01</subfield></datafield><datafield ind1="1" ind2=" " tag="800"><subfield code="a">Braun, Volker</subfield><subfield code="d">1939-</subfield><subfield code="t">Texte in zeitlicher Folge</subfield><subfield code="w">(NEBIS)008076933EBI01</subfield></datafield><datafield ind1=" " ind2=" " tag="900"><subfield code="a">IDSZRMedeaZBZ</subfield></datafield><datafield ind1=" " ind2=" " tag="900"><subfield code="a">REROnoselfmerge</subfield></datafield></record>
</metadata></record>