<record><header><identifier>oai:alma.41SLSP_UGE:991000790809705502</identifier><datestamp>2023-03-01T01:09:29Z</datestamp><setSpec>uge_bcen_RapidILL_BOOK</setSpec><setSpec>uge_aaca_RapidILL_BOOK</setSpec><setSpec>uge_abels_RapidILL_BOOK</setSpec><setSpec>uge_dbu_RapidILL_BOOK</setSpec><setSpec>uge_cmu_RapidILL_BOOK</setSpec><setSpec>uge_mail_RapidILL_BOOK</setSpec><setSpec>UNIGE_ALL</setSpec><setSpec>uge_abbat_RapidILL_BOOK</setSpec><setSpec>uge_aobs_RapidILL_BOOK</setSpec><setSpec>uge_acar_RapidILL_BOOK</setSpec></header><metadata>
<record xmlns="http://www.loc.gov/MARC21/slim" xmlns:xsi="http://www.w3.org/2001/XMLSchema-instance" xsi:schemaLocation="http://www.loc.gov/MARC21/slim http://www.loc.gov/standards/marcxml/schema/MARC21slim.xsd"><leader>02327nam a2200301 c 4500</leader><controlfield tag="001">991000790809705502</controlfield><controlfield tag="005">20201126033852.0</controlfield><controlfield tag="008">041215s2004    sz ||||| m||| 00| ||eng d</controlfield><datafield ind1=" " ind2=" " tag="019"><subfield code="a">Cette notice décrit l'exemplaire de thèse version papier</subfield><subfield code="5">RERO/geussc/12.2004</subfield></datafield><datafield ind1=" " ind2=" " tag="035"><subfield code="a">(swissbib)101370547-41slsp_network</subfield></datafield><datafield ind1=" " ind2=" " tag="035"><subfield code="a">101370547</subfield><subfield code="9">ExL</subfield></datafield><datafield ind1=" " ind2=" " tag="035"><subfield code="a">(RERO)R003758725-41slsp</subfield></datafield><datafield ind1=" " ind2=" " tag="035"><subfield code="a">(EXLNZ-41SLSP_NETWORK)991135654529705501</subfield></datafield><datafield ind1=" " ind2=" " tag="040"><subfield code="a">RERO geussc</subfield><subfield code="d">CH-ZuSLS</subfield></datafield><datafield ind1=" " ind2=" " tag="044"><subfield code="a">sz</subfield><subfield code="c">ch-ge</subfield></datafield><datafield ind1=" " ind2="7" tag="072"><subfield code="a">bi</subfield><subfield code="2">rero</subfield></datafield><datafield ind1="1" ind2=" " tag="100"><subfield code="a">Sinha, Bhanu Nath Manuele</subfield><subfield code="0">(RERO)A011157644</subfield><subfield code="4">cre</subfield></datafield><datafield ind1="1" ind2="0" tag="245"><subfield code="a">&lt;&lt;The&gt;&gt; molecular mechanism of host cell invasion by &quot;Staphylococcus aureus&quot;</subfield><subfield code="c">Bhanu Nath Manuele Sinha</subfield></datafield><datafield ind1=" " ind2="1" tag="264"><subfield code="a">Genève</subfield><subfield code="b">[éditeur non identifié]</subfield><subfield code="c">2004</subfield></datafield><datafield ind1=" " ind2=" " tag="300"><subfield code="a">1 vol. (pagination multiple)</subfield><subfield code="b">ill.</subfield><subfield code="c">30 cm</subfield></datafield><datafield ind1=" " ind2=" " tag="336"><subfield code="b">txt</subfield><subfield code="2">rdacontent</subfield></datafield><datafield ind1=" " ind2=" " tag="337"><subfield code="b">n</subfield><subfield code="2">rdamedia</subfield></datafield><datafield ind1=" " ind2=" " tag="338"><subfield code="b">nc</subfield><subfield code="2">rdacarrier</subfield></datafield><datafield ind1=" " ind2=" " tag="502"><subfield code="a">Th. biol. Genève, 2004 ; Sc. 3546</subfield></datafield><datafield ind1=" " ind2=" " tag="508"><subfield code="a">Directeur de thèse: Professeur Daniel P. Lew, codirecteurs: Professeur Karl-Heinz Krause, Professeur Pierre Spierer</subfield></datafield><datafield ind1="8" ind2=" " tag="520"><subfield code="a">&quot;Staphylococcus aureus&quot;, y compris les MRSA (résistants à la méticilline), peut coloniser l'homme et provoquer des infections graves. &quot;S. aureus&quot;, considéré classiquement comme un micro-organisme extra-cellulaire, est capable d'envahir efficacement les cellules hôtes. Les travaux présentés analysent en détail le mécanisme moléculaire</subfield><subfield code="5">RERO/geudbu/01.2005</subfield></datafield><datafield ind1="8" ind2=" " tag="520"><subfield code="a">L'invasion se déroule selon un mécanisme très similaire à la phagocytose professionnelle, incluant les processus intra-cellulaires suivant l'internalisation. La FnBPA et la FnBPB (&quot;fibronectin-binding proteins&quot; apparentées de &quot;S. aureus&quot; agissent comme des invasines et, en outre, peuvent se lier aux plaquettes. La fibronectine sert de molécule pont, se liant à l'intégrine α₅β₁ (récepteur de la fibronectine pour les cellules hôtes). La capacité d'invasion cellulaire est fortement conservée mais dans certains MRSA, la Pls (&quot;plasmin-sensitive protein&quot;) exerce un effet anti-adhésif et anti-invasif. La synthèse du mécanisme d'invasion des cellules hôtes par &quot;S. aureus&quot; est représentée par un modèle schématique regroupant l'ensemble des données publiées à ce jour</subfield><subfield code="5">RERO/geudbu/01.2005</subfield></datafield><datafield ind1=" " ind2="2" tag="655"><subfield code="a">Academic Dissertation</subfield></datafield><datafield ind1=" " ind2=" " tag="900"><subfield code="a">REROnoselfmerge</subfield></datafield></record>
</metadata></record>