<record><header><identifier>oai:alma.41SLSP_UGE:991000791049705502</identifier><datestamp>2023-03-01T01:09:29Z</datestamp><setSpec>uge_bcen_RapidILL_BOOK</setSpec><setSpec>uge_aaca_RapidILL_BOOK</setSpec><setSpec>uge_abels_RapidILL_BOOK</setSpec><setSpec>uge_dbu_RapidILL_BOOK</setSpec><setSpec>uge_cmu_RapidILL_BOOK</setSpec><setSpec>uge_mail_RapidILL_BOOK</setSpec><setSpec>UNIGE_ALL</setSpec><setSpec>uge_abbat_RapidILL_BOOK</setSpec><setSpec>uge_acar_RapidILL_BOOK</setSpec><setSpec>uge_aobs_RapidILL_BOOK</setSpec></header><metadata>
<record xmlns="http://www.loc.gov/MARC21/slim" xmlns:xsi="http://www.w3.org/2001/XMLSchema-instance" xsi:schemaLocation="http://www.loc.gov/MARC21/slim http://www.loc.gov/standards/marcxml/schema/MARC21slim.xsd"><leader>01423nam a2200373 c 4500</leader><controlfield tag="001">991000791049705502</controlfield><controlfield tag="005">20230213203011.0</controlfield><controlfield tag="008">040423s2004    gw ||||| |||| 00| ||ger d</controlfield><datafield ind1=" " ind2=" " tag="020"><subfield code="a">3506701444</subfield></datafield><datafield ind1="7" ind2=" " tag="024"><subfield code="a">http://catalogue.bnf.fr/ark:/12148/cb39028592t</subfield><subfield code="2">uri</subfield></datafield><datafield ind1=" " ind2=" " tag="035"><subfield code="a">(swissbib)100496784-41slsp_network</subfield></datafield><datafield ind1=" " ind2=" " tag="035"><subfield code="a">100496784</subfield><subfield code="9">ExL</subfield></datafield><datafield ind1=" " ind2=" " tag="035"><subfield code="a">(RERO)R003623130-41slsp</subfield></datafield><datafield ind1=" " ind2=" " tag="035"><subfield code="a">(EXLNZ-41SLSP_NETWORK)991030934679705501</subfield></datafield><datafield ind1=" " ind2=" " tag="040"><subfield code="a">RERO geulhg</subfield><subfield code="d">CH-ZuSLS</subfield></datafield><datafield ind1=" " ind2="7" tag="072"><subfield code="a">ht</subfield><subfield code="2">rero</subfield></datafield><datafield ind1=" " ind2="7" tag="072"><subfield code="a">sp</subfield><subfield code="2">rero</subfield></datafield><datafield ind1="1" ind2=" " tag="100"><subfield code="a">Wörsdörfer, Rolf</subfield><subfield code="d">1953-....</subfield><subfield code="0">(IDREF)123192536</subfield><subfield code="4">cre</subfield></datafield><datafield ind1="1" ind2="0" tag="245"><subfield code="a">Krisenherd Adria</subfield><subfield code="b">1915-1955 : konstruktion und Artikulation des Nationalen im italienisch-jugoslavischen Grenzraum</subfield><subfield code="c">Rolf Wörsdörfer</subfield></datafield><datafield ind1=" " ind2="1" tag="264"><subfield code="a">Paderborn [etc.]</subfield><subfield code="b">Ferdinand Schöning</subfield><subfield code="c">[2004]</subfield></datafield><datafield ind1=" " ind2="4" tag="264"><subfield code="c">© 2004</subfield></datafield><datafield ind1=" " ind2=" " tag="300"><subfield code="a">629 S,, [8] S. Taf.</subfield><subfield code="b">Abb.</subfield><subfield code="c">24 cm</subfield></datafield><datafield ind1=" " ind2=" " tag="336"><subfield code="b">txt</subfield><subfield code="2">rdacontent</subfield></datafield><datafield ind1=" " ind2=" " tag="337"><subfield code="b">n</subfield><subfield code="2">rdamedia</subfield></datafield><datafield ind1=" " ind2=" " tag="338"><subfield code="b">nc</subfield><subfield code="2">rdacarrier</subfield></datafield><datafield ind1=" " ind2=" " tag="500"><subfield code="a">Personenregister</subfield></datafield><datafield ind1=" " ind2=" " tag="504"><subfield code="a">Quellen- und Literaturverzeichnis: S: [583]-612</subfield></datafield><datafield ind1="4" ind2=" " tag="510"><subfield code="a">Historische Zeitschrift. - München. - Band 280, Heft 1(April 2005), S. 509-510 (Rudolf Lill)</subfield></datafield><datafield ind1=" " ind2="7" tag="650"><subfield code="a">Nation</subfield><subfield code="0">(IDREF)027832287</subfield><subfield code="2">idref</subfield></datafield><datafield ind1=" " ind2="7" tag="650"><subfield code="a">1915-1955</subfield><subfield code="2">rero</subfield></datafield><datafield ind1=" " ind2="7" tag="650"><subfield code="a">Nationalisme</subfield><subfield code="0">(IDREF)027303365</subfield><subfield code="2">idref</subfield></datafield><datafield ind1=" " ind2="7" tag="650"><subfield code="a">Frontières</subfield><subfield code="0">(IDREF)027517845</subfield><subfield code="2">idref</subfield></datafield><datafield ind1=" " ind2="7" tag="651"><subfield code="a">Italie</subfield><subfield code="0">(IDREF)027235408</subfield><subfield code="2">idref</subfield></datafield><datafield ind1=" " ind2="7" tag="651"><subfield code="a">Yougoslavie</subfield><subfield code="0">(IDREF)027256308</subfield><subfield code="2">idref</subfield></datafield><datafield ind1=" " ind2=" " tag="900"><subfield code="a">REROnoselfmerge</subfield></datafield></record>
</metadata></record>