<record><header><identifier>oai:alma.41SLSP_UGE:991000790739705502</identifier><datestamp>2024-03-05T01:24:03Z</datestamp><setSpec>uge_bcen_RapidILL_BOOK</setSpec><setSpec>uge_aaca_RapidILL_BOOK</setSpec><setSpec>uge_abels_RapidILL_BOOK</setSpec><setSpec>uge_dbu_RapidILL_BOOK</setSpec><setSpec>uge_cmu_RapidILL_BOOK</setSpec><setSpec>uge_mail_RapidILL_BOOK</setSpec><setSpec>uge_abbat_RapidILL_BOOK</setSpec><setSpec>UNIGE_ALL</setSpec><setSpec>uge_acar_RapidILL_BOOK</setSpec><setSpec>uge_aobs_RapidILL_BOOK</setSpec></header><metadata>
<record xmlns="http://www.loc.gov/MARC21/slim" xmlns:xsi="http://www.w3.org/2001/XMLSchema-instance" xsi:schemaLocation="http://www.loc.gov/MARC21/slim http://www.loc.gov/standards/marcxml/schema/MARC21slim.xsd"><leader>03023nam a2200457 c 4500</leader><controlfield tag="001">991000790739705502</controlfield><controlfield tag="005">20230407143853.0</controlfield><controlfield tag="008">120924s2012    be ||||| |||| 00| ||fre d</controlfield><datafield ind1=" " ind2=" " tag="020"><subfield code="a">9789052018737</subfield></datafield><datafield ind1=" " ind2=" " tag="035"><subfield code="a">(swissbib)116433833-41slsp_network</subfield></datafield><datafield ind1=" " ind2=" " tag="035"><subfield code="a">116433833</subfield><subfield code="9">ExL</subfield></datafield><datafield ind1=" " ind2=" " tag="035"><subfield code="a">(RERO)R007147338-41slsp</subfield></datafield><datafield ind1=" " ind2=" " tag="035"><subfield code="a">(EXLNZ-41SLSP_NETWORK)991147478709705501</subfield></datafield><datafield ind1=" " ind2=" " tag="040"><subfield code="a">BeLnUC</subfield><subfield code="d">CH-ZuSLS</subfield></datafield><datafield ind1="1" ind2="4" tag="050"><subfield code="a">HF5549.5.D55</subfield><subfield code="b">M565 2012</subfield></datafield><datafield ind1=" " ind2="7" tag="072"><subfield code="a">ss</subfield><subfield code="2">rero</subfield></datafield><datafield ind1="1" ind2=" " tag="100"><subfield code="a">Moulaert, Thibauld</subfield><subfield code="c">sociologue</subfield><subfield code="d">1978-....</subfield><subfield code="0">(IDREF)165812796</subfield><subfield code="4">cre</subfield></datafield><datafield ind1="1" ind2="0" tag="245"><subfield code="a">Gouverner les fins de carrière à distance</subfield><subfield code="b">outplacement et vieillissement actif en emploi</subfield><subfield code="c">Thibauld Moulaert</subfield></datafield><datafield ind1=" " ind2="1" tag="264"><subfield code="a">Bruxelles</subfield><subfield code="b">Lang</subfield><subfield code="c">[2012]</subfield></datafield><datafield ind1=" " ind2="4" tag="264"><subfield code="c">© 2012</subfield></datafield><datafield ind1=" " ind2=" " tag="300"><subfield code="a">287 p.</subfield><subfield code="c">22 cm.</subfield></datafield><datafield ind1=" " ind2=" " tag="336"><subfield code="b">txt</subfield><subfield code="2">rdacontent</subfield></datafield><datafield ind1=" " ind2=" " tag="337"><subfield code="b">n</subfield><subfield code="2">rdamedia</subfield></datafield><datafield ind1=" " ind2=" " tag="338"><subfield code="b">nc</subfield><subfield code="2">rdacarrier</subfield></datafield><datafield ind1="1" ind2=" " tag="490"><subfield code="a">Action publique</subfield><subfield code="v">9</subfield></datafield><datafield ind1=" " ind2=" " tag="504"><subfield code="a">Bibliographie p. 263-279</subfield></datafield><datafield ind1="8" ind2=" " tag="520"><subfield code="a">Alors que l'Europe célèbre en 2012 l'Année européenne du vieillissement actif et de la solidarité entre les générations, ce livre revient sur la mise en œuvre d'une politique de &quot; vieillissement actif &quot; en Belgique, à travers le prisme de l'outplacement généralisé aux 45 ans et plus. Situant les origines internationales du &quot; vieillissement actif &quot;, l'auteur rappelle d'abord que cette idée se réduit, une fois encore, à vouloir prolonger les carrières. Surtout, en s'appuyant sur l'observation de vingt candidats et d'une trentaine de consultants en outplacement, il explique comment ce dispositif organise une nouvelle manière de gérer les fins de carrière, de plus en plus &quot; à distance &quot; de l'État via l'intervention de ces consultants et via un report de la responsabilité de la quête d'emploi à charge de l'individu. L'inspiration foucaldienne lui permet de relier cette action publique (la conduite des conduites) et le travail sur soi (la conduite de soi) dans un seul et même mouvement au cœur des pratiques des professionnels de l'outplacement. Si l'individu y est appelé à devenir &quot; self-sufficient &quot;, l'analyse montre que tous n'y parviennent pas et que des formes de résistance se dessinent. In fine, si le but de cette action publique est de &quot; remettre le sujet au cœur du débat &quot;, ses effets paradoxaux appellent un regard sociologique renouvelé auquel entend contribuer cet ouvrage</subfield></datafield><datafield ind1=" " ind2="0" tag="650"><subfield code="a">Age and employment</subfield></datafield><datafield ind1=" " ind2="0" tag="650"><subfield code="a">Career changes</subfield></datafield><datafield ind1=" " ind2="0" tag="650"><subfield code="a">Employees</subfield><subfield code="x">Dismissal of</subfield></datafield><datafield ind1=" " ind2="0" tag="650"><subfield code="a">Older people</subfield><subfield code="x">Employment</subfield></datafield><datafield ind1=" " ind2="0" tag="650"><subfield code="a">Outplacement services</subfield></datafield><datafield ind1=" " ind2="0" tag="650"><subfield code="a">Vocational guidance</subfield></datafield><datafield ind1=" " ind2="7" tag="650"><subfield code="a">Emploi</subfield><subfield code="0">(IDREF)028397673</subfield><subfield code="2">idref</subfield></datafield><datafield ind1=" " ind2="7" tag="650"><subfield code="a">Vieillissement</subfield><subfield code="0">(IDREF)027346811</subfield><subfield code="2">idref</subfield></datafield><datafield ind1=" " ind2="7" tag="650"><subfield code="a">Travailleurs licenciés</subfield><subfield code="x">Reclassement</subfield><subfield code="0">(IDREF)030937949</subfield><subfield code="2">idref</subfield></datafield><datafield ind1=" " ind2="7" tag="650"><subfield code="a">Travailleurs âgés</subfield><subfield code="0">(IDREF)033274002</subfield><subfield code="2">idref</subfield></datafield><datafield ind1=" " ind2="7" tag="650"><subfield code="a">Travail</subfield><subfield code="0">(IDREF)027736067</subfield><subfield code="2">idref</subfield></datafield><datafield ind1=" " ind2="7" tag="651"><subfield code="a">Belgique</subfield><subfield code="0">(IDREF)02725030X</subfield><subfield code="2">idref</subfield></datafield><datafield ind1=" " ind2="0" tag="830"><subfield code="a">Action publique</subfield><subfield code="v">9</subfield></datafield><datafield ind1=" " ind2=" " tag="900"><subfield code="a">REROnoselfmerge</subfield></datafield><datafield ind1=" " ind2=" " tag="910"><subfield code="a">Boreal</subfield><subfield code="b">20120924</subfield><subfield code="c">Droits réservés</subfield></datafield></record>
</metadata></record><resumptionToken>1900-01-01@all@UNIGE_ALL@marc21@5986524820005502</resumptionToken></ListRecords></OAI-PMH>